<!DOCTYPE html>
<!-- saved from url=(0139)https://handlaprivatkund.ica.se/stores/1015001/categories/Glass-Godis-Snacks/Choklad/abfad4ad-011b-49cf-af79-9c3d120ab0a3?source=navigation -->
<html data-reactroot="" class=" fetch objectfit object-fit localstorage" dir="ltr" lang="sv-SE" data-rh="dir,lang"><head><meta http-equiv="Content-Type" content="text/html; charset=UTF-8"><meta http-equiv="X-UA-Compatible" content="ie=edge"><meta name="viewport" content="width=device-width, initial-scale=1"><title>ICA Handla Online Alla produkter</title><meta data-rh="true" name="robots" content="noindex,nofollow"><meta data-rh="true" name="description" content="Handla veckans mat online frÃ¥n din lokala ICA-butik!"><meta name="requestId" content="e110c0c1-842e-49f6-8f8f-66b39500c21f &gt; 5fbf1b6f-8a3d-4f85-a8d7-f483843df137"><script async="" data-ot-ignore="" class="optanon-category-C0001" src="./ica_market_4_files/gtm.js"></script><script nonce="N2JjZTJkODQtNDJkMi00NWYyLWEyYTEtMmE0ZjdjZmNkZjMx">document.clientLoadTime="1701346989523"</script><script nonce="N2JjZTJkODQtNDJkMi00NWYyLWEyYTEtMmE0ZjdjZmNkZjMx" src="./ica_market_4_files/otSDKStub.js" data-document-language="true" type="text/javascript" charset="UTF-8" data-domain-script="0bf00617-9501-4d49-9dac-e8335208baa8"></script><script type="text/javascript" nonce="N2JjZTJkODQtNDJkMi00NWYyLWEyYTEtMmE0ZjdjZmNkZjMx">function OptanonWrapper() {}</script><script nonce="N2JjZTJkODQtNDJkMi00NWYyLWEyYTEtMmE0ZjdjZmNkZjMx">!function(n,e){var t,o,i,c=[],f={passive:!0,capture:!0},r=new Date,a="pointerup",u="pointercancel";function p(n,c){t||(t=c,o=n,i=new Date,w(e),s())}function s(){o>=0&&o<i-r&&(c.forEach(function(n){n(o,t)}),c=[])}function l(t){if(t.cancelable){var o=(t.timeStamp>1e12?new Date:performance.now())-t.timeStamp;"pointerdown"==t.type?function(t,o){function i(){p(t,o),r()}function c(){r()}function r(){e(a,i,f),e(u,c,f)}n(a,i,f),n(u,c,f)}(o,t):p(o,t)}}function w(n){["click","mousedown","keydown","touchstart","pointerdown"].forEach(function(e){n(e,l,f)})}w(n),self.perfMetrics=self.perfMetrics||{},self.perfMetrics.onFirstInputDelay=function(n){c.push(n),s()}}(addEventListener,removeEventListener);</script><style type="text/css">@font-face { font-family: 'ICA Rubrik'; src: url('/static/fonts/ICARubrik/ICARubrik-Regular.woff2') format('woff2'), url('/static/fonts/ICARubrik/ICARubrik-Regular.woff') format('woff'), url('/static/fonts/ICARubrik/ICARubrik-Regular.ttf') format('truetype'); font-weight: normal; font-style: normal;}@font-face {    font-family: 'ICA Rubrik';    src: url('/static/fonts/ICARubrik/ICARubrik-Medium.woff2') format('woff2'), url('/static/fonts/ICARubrik/ICARubrik-Medium.woff') format('woff'), url('/static/fonts/ICARubrik/ICARubrik-Medium.ttf') format('truetype'); font-weight: 500; font-style: normal; } @font-face { font-family: 'ICA Rubrik'; src: url('/static/fonts/ICARubrik/ICARubrik-Black.woff2') format('woff2'), url('/static/fonts/ICARubrik/ICARubrik-Black.woff') format('woff'), url('/static/fonts/ICARubrik/ICARubrik-Black.ttf') format('truetype'); font-weight: 900; font-style: normal;}@font-face { font-family: 'ICA Rubrik'; src: url('/static/fonts/ICARubrik/ICARubrik-Light.woff2') format('woff2'), url('/static/fonts/ICARubrik/ICARubrik-Light.woff') format('woff'), url('/static/fonts/ICARubrik/ICARubrik-Light.ttf') format('truetype'); font-weight: 300; font-style: normal;} @font-face { font-family: 'ICA Rubrik'; src: url('/static/fonts/ICARubrik/ICARubrik-Bold.woff2') format('woff2'), url('/static/fonts/ICARubrik/ICARubrik-Bold.woff') format('woff'), url('/static/fonts/ICARubrik/ICARubrik-Bold.ttf') format('truetype'); font-weight: bold; font-style: normal;}</style><style type="text/css">@font-face {font-family: 'ICA Text Ny';font-style: normal;font-weight: 400;src: local('ICA Text Ny'),url('/static/fonts/ICATextNy/ICATextNy-Regular.woff2') format('woff2'),url('/static/fonts/ICATextNy/ICATextNy-Regular.woff') format('woff'),url('/static/fonts/ICATextNy/ICATextNy-Regular.eot') format('embedded-opentype');}@font-face {font-family: 'ICA Text Ny';font-style: normal;font-weight: 700;src: local('ICA Text Ny'),url('/static/fonts/ICATextNy/ICATextNy-Bold.woff2') format('woff2'),url('/static/fonts/ICATextNy/ICATextNy-Bold.woff') format('woff'),url('/static/fonts/ICATextNy/ICATextNy-Bold.eot') format('embedded-opentype');}</style><script nonce="N2JjZTJkODQtNDJkMi00NWYyLWEyYTEtMmE0ZjdjZmNkZjMx">window.NREUM||(NREUM={});NREUM.info = {"agent":"","beacon":"bam.nr-data.net","errorBeacon":"bam.nr-data.net","licenseKey":"NRJS-05b9b1e1b11e2a93064","applicationID":"253088809","agentToken":null,"applicationTime":1090.047496,"transactionName":"ZFVUZUUEXBBWUkxZDV0fdUREEV0OGHZ9ZEIcU1dFUgJdEV5USx9I","queueTime":0,"ttGuid":"2f5e6f1e19c92bd1"}; (window.NREUM||(NREUM={})).init={privacy:{cookies_enabled:true},ajax:{deny_list:["bam.nr-data.net"]}};(window.NREUM||(NREUM={})).loader_config={xpid:"VgMPUVNTChACUVJSDwkPVl0=",licenseKey:"NRJS-05b9b1e1b11e2a93064",applicationID:"253088809"};;/*! For license information please see nr-loader-spa-1.248.0.min.js.LICENSE.txt */
(()=>{var e,t,r={234:(e,t,r)=>{"use strict";r.d(t,{P_:()=>g,Mt:()=>v,C5:()=>s,DL:()=>A,OP:()=>D,lF:()=>N,Yu:()=>x,Dg:()=>m,CX:()=>c,GE:()=>w,sU:()=>j});var n=r(8632),i=r(9567);const o={beacon:n.ce.beacon,errorBeacon:n.ce.errorBeacon,licenseKey:void 0,applicationID:void 0,sa:void 0,queueTime:void 0,applicationTime:void 0,ttGuid:void 0,user:void 0,account:void 0,product:void 0,extra:void 0,jsAttributes:{},userAttributes:void 0,atts:void 0,transactionName:void 0,tNamePlain:void 0},a={};function s(e){if(!e)throw new Error("All info objects require an agent identifier!");if(!a[e])throw new Error("Info for ".concat(e," was never set"));return a[e]}function c(e,t){if(!e)throw new Error("All info objects require an agent identifier!");a[e]=(0,i.D)(t,o);const r=(0,n.ek)(e);r&&(r.info=a[e])}const u=e=>{if(!e||"string"!=typeof e)return!1;try{document.createDocumentFragment().querySelector(e)}catch{return!1}return!0};var d=r(7056),l=r(50);const f=()=>{const e={mask_selector:"*",block_selector:"[data-nr-block]",mask_input_options:{color:!1,date:!1,"datetime-local":!1,email:!1,month:!1,number:!1,range:!1,search:!1,tel:!1,text:!1,time:!1,url:!1,week:!1,textarea:!1,select:!1,password:!0}};return{feature_flags:[],proxy:{assets:void 0,beacon:void 0},privacy:{cookies_enabled:!0},ajax:{deny_list:void 0,block_internal:!0,enabled:!0,harvestTimeSeconds:10,autoStart:!0},distributed_tracing:{enabled:void 0,exclude_newrelic_header:void 0,cors_use_newrelic_header:void 0,cors_use_tracecontext_headers:void 0,allowed_origins:void 0},session:{domain:void 0,expiresMs:d.oD,inactiveMs:d.Hb},ssl:void 0,obfuscate:void 0,jserrors:{enabled:!0,harvestTimeSeconds:10,autoStart:!0},metrics:{enabled:!0,autoStart:!0},page_action:{enabled:!0,harvestTimeSeconds:30,autoStart:!0},page_view_event:{enabled:!0,autoStart:!0},page_view_timing:{enabled:!0,harvestTimeSeconds:30,long_task:!1,autoStart:!0},session_trace:{enabled:!0,harvestTimeSeconds:10,autoStart:!0},harvest:{tooManyRequestsDelay:60},session_replay:{autoStart:!0,enabled:!1,harvestTimeSeconds:60,sampling_rate:50,error_sampling_rate:50,collect_fonts:!1,inline_images:!1,inline_stylesheet:!0,mask_all_inputs:!0,get mask_text_selector(){return e.mask_selector},set mask_text_selector(t){u(t)?e.mask_selector=t+",[data-nr-mask]":null===t?e.mask_selector=t:(0,l.Z)("An invalid session_replay.mask_selector was provided and will not be used",t)},get block_class(){return"nr-block"},get ignore_class(){return"nr-ignore"},get mask_text_class(){return"nr-mask"},get block_selector(){return e.block_selector},set block_selector(t){u(t)?e.block_selector+=",".concat(t):""!==t&&(0,l.Z)("An invalid session_replay.block_selector was provided and will not be used",t)},get mask_input_options(){return e.mask_input_options},set mask_input_options(t){t&&"object"==typeof t?e.mask_input_options={...t,password:!0}:(0,l.Z)("An invalid session_replay.mask_input_option was provided and will not be used",t)}},spa:{enabled:!0,harvestTimeSeconds:10,autoStart:!0}}},h={},p="All configuration objects require an agent identifier!";function g(e){if(!e)throw new Error(p);if(!h[e])throw new Error("Configuration for ".concat(e," was never set"));return h[e]}function m(e,t){if(!e)throw new Error(p);h[e]=(0,i.D)(t,f());const r=(0,n.ek)(e);r&&(r.init=h[e])}function v(e,t){if(!e)throw new Error(p);var r=g(e);if(r){for(var n=t.split("."),i=0;i<n.length-1;i++)if("object"!=typeof(r=r[n[i]]))return;r=r[n[n.length-1]]}return r}const b={accountID:void 0,trustKey:void 0,agentID:void 0,licenseKey:void 0,applicationID:void 0,xpid:void 0},y={};function A(e){if(!e)throw new Error("All loader-config objects require an agent identifier!");if(!y[e])throw new Error("LoaderConfig for ".concat(e," was never set"));return y[e]}function w(e,t){if(!e)throw new Error("All loader-config objects require an agent identifier!");y[e]=(0,i.D)(t,b);const r=(0,n.ek)(e);r&&(r.loader_config=y[e])}const x=(0,n.mF)().o;var E=r(385),_=r(6818);const T={buildEnv:_.Re,customTransaction:void 0,disabled:!1,distMethod:_.gF,isolatedBacklog:!1,loaderType:void 0,maxBytes:3e4,offset:Math.floor(E._A?.performance?.timeOrigin||E._A?.performance?.timing?.navigationStart||Date.now()),onerror:void 0,origin:""+E._A.location,ptid:void 0,releaseIds:{},session:void 0,xhrWrappable:"function"==typeof E._A.XMLHttpRequest?.prototype?.addEventListener,version:_.q4,denyList:void 0},S={};function D(e){if(!e)throw new Error("All runtime objects require an agent identifier!");if(!S[e])throw new Error("Runtime for ".concat(e," was never set"));return S[e]}function j(e,t){if(!e)throw new Error("All runtime objects require an agent identifier!");S[e]=(0,i.D)(t,T);const r=(0,n.ek)(e);r&&(r.runtime=S[e])}function N(e){return function(e){try{const t=s(e);return!!t.licenseKey&&!!t.errorBeacon&&!!t.applicationID}catch(e){return!1}}(e)}},9567:(e,t,r)=>{"use strict";r.d(t,{D:()=>i});var n=r(50);function i(e,t){try{if(!e||"object"!=typeof e)return(0,n.Z)("Setting a Configurable requires an object as input");if(!t||"object"!=typeof t)return(0,n.Z)("Setting a Configurable requires a model to set its initial properties");const r=Object.create(Object.getPrototypeOf(t),Object.getOwnPropertyDescriptors(t)),o=0===Object.keys(r).length?e:r;for(let a in o)if(void 0!==e[a])try{Array.isArray(e[a])&&Array.isArray(t[a])?r[a]=Array.from(new Set([...e[a],...t[a]])):"object"==typeof e[a]&&"object"==typeof t[a]?r[a]=i(e[a],t[a]):r[a]=e[a]}catch(e){(0,n.Z)("An error occurred while setting a property of a Configurable",e)}return r}catch(e){(0,n.Z)("An error occured while setting a Configurable",e)}}},6818:(e,t,r)=>{"use strict";r.d(t,{Re:()=>i,gF:()=>o,lF:()=>a,q4:()=>n});const n="1.248.0",i="PROD",o="CDN",a="2.0.0-alpha.11"},385:(e,t,r)=>{"use strict";r.d(t,{FN:()=>c,IF:()=>l,LW:()=>a,Nk:()=>h,Tt:()=>u,_A:()=>o,cv:()=>p,iS:()=>s,il:()=>n,ux:()=>d,v6:()=>i,w1:()=>f});const n="undefined"!=typeof window&&!!window.document,i="undefined"!=typeof WorkerGlobalScope&&("undefined"!=typeof self&&self instanceof WorkerGlobalScope&&self.navigator instanceof WorkerNavigator||"undefined"!=typeof globalThis&&globalThis instanceof WorkerGlobalScope&&globalThis.navigator instanceof WorkerNavigator),o=n?window:"undefined"!=typeof WorkerGlobalScope&&("undefined"!=typeof self&&self instanceof WorkerGlobalScope&&self||"undefined"!=typeof globalThis&&globalThis instanceof WorkerGlobalScope&&globalThis),a="complete"===o?.document?.readyState,s=Boolean("hidden"===o?.document?.visibilityState),c=""+o?.location,u=/iPad|iPhone|iPod/.test(o.navigator?.userAgent),d=u&&"undefined"==typeof SharedWorker,l=(()=>{const e=o.navigator?.userAgent?.match(/Firefox[/\s](\d+\.\d+)/);return Array.isArray(e)&&e.length>=2?+e[1]:0})(),f=Boolean(n&&window.document.documentMode),h=!!o.navigator?.sendBeacon,p=Math.floor(o?.performance?.timeOrigin||o?.performance?.timing?.navigationStart||Date.now())},1117:(e,t,r)=>{"use strict";r.d(t,{w:()=>o});var n=r(50);const i={agentIdentifier:"",ee:void 0};class o{constructor(e){try{if("object"!=typeof e)return(0,n.Z)("shared context requires an object as input");this.sharedContext={},Object.assign(this.sharedContext,i),Object.entries(e).forEach((e=>{let[t,r]=e;Object.keys(i).includes(t)&&(this.sharedContext[t]=r)}))}catch(e){(0,n.Z)("An error occured while setting SharedContext",e)}}}},8e3:(e,t,r)=>{"use strict";r.d(t,{L:()=>d,R:()=>c});var n=r(8325),i=r(1284),o=r(4322),a=r(3325);const s={};function c(e,t){const r={staged:!1,priority:a.p[t]||0};u(e),s[e].get(t)||s[e].set(t,r)}function u(e){e&&(s[e]||(s[e]=new Map))}function d(){let e=arguments.length>0&&void 0!==arguments[0]?arguments[0]:"",t=arguments.length>1&&void 0!==arguments[1]?arguments[1]:"feature";if(u(e),!e||!s[e].get(t))return a(t);s[e].get(t).staged=!0;const r=[...s[e]];function a(t){const r=e?n.ee.get(e):n.ee,a=o.X.handlers;if(r.backlog&&a){var s=r.backlog[t],c=a[t];if(c){for(var u=0;s&&u<s.length;++u)l(s[u],c);(0,i.D)(c,(function(e,t){(0,i.D)(t,(function(t,r){r[0].on(e,r[1])}))}))}delete a[t],r.backlog[t]=null,r.emit("drain-"+t,[])}}r.every((e=>{let[t,r]=e;return r.staged}))&&(r.sort(((e,t)=>e[1].priority-t[1].priority)),r.forEach((t=>{let[r]=t;s[e].delete(r),a(r)})))}function l(e,t){var r=e[1];(0,i.D)(t[r],(function(t,r){var n=e[0];if(r[0]===n){var i=r[1],o=e[3],a=e[2];i.apply(o,a)}}))}},8325:(e,t,r)=>{"use strict";r.d(t,{A:()=>c,ee:()=>u});var n=r(8632),i=r(2210),o=r(234);class a{constructor(e){this.contextId=e}}var s=r(3117);const c="nr@context:".concat(s.a),u=function e(t,r){var n={},s={},d={},f=!1;try{f=16===r.length&&(0,o.OP)(r).isolatedBacklog}catch(e){}var h={on:g,addEventListener:g,removeEventListener:function(e,t){var r=n[e];if(!r)return;for(var i=0;i<r.length;i++)r[i]===t&&r.splice(i,1)},emit:function(e,r,n,i,o){!1!==o&&(o=!0);if(u.aborted&&!i)return;t&&o&&t.emit(e,r,n);for(var a=p(n),c=m(e),d=c.length,l=0;l<d;l++)c[l].apply(a,r);var f=b()[s[e]];f&&f.push([h,e,r,a]);return a},get:v,listeners:m,context:p,buffer:function(e,t){const r=b();if(t=t||"feature",h.aborted)return;Object.entries(e||{}).forEach((e=>{let[n,i]=e;s[i]=t,t in r||(r[t]=[])}))},abort:l,aborted:!1,isBuffering:function(e){return!!b()[s[e]]},debugId:r,backlog:f?{}:t&&"object"==typeof t.backlog?t.backlog:{}};return h;function p(e){return e&&e instanceof a?e:e?(0,i.X)(e,c,(()=>new a(c))):new a(c)}function g(e,t){n[e]=m(e).concat(t)}function m(e){return n[e]||[]}function v(t){return d[t]=d[t]||e(h,t)}function b(){return h.backlog}}(void 0,"globalEE"),d=(0,n.fP)();function l(){u.aborted=!0,u.backlog={}}d.ee||(d.ee=u)},5546:(e,t,r)=>{"use strict";r.d(t,{E:()=>n,p:()=>i});var n=r(8325).ee.get("handle");function i(e,t,r,i,o){o?(o.buffer([e],i),o.emit(e,t,r)):(n.buffer([e],i),n.emit(e,t,r))}},4322:(e,t,r)=>{"use strict";r.d(t,{X:()=>o});var n=r(5546);o.on=a;var i=o.handlers={};function o(e,t,r,o){a(o||n.E,i,e,t,r)}function a(e,t,r,i,o){o||(o="feature"),e||(e=n.E);var a=t[o]=t[o]||{};(a[r]=a[r]||[]).push([e,i])}},3239:(e,t,r)=>{"use strict";r.d(t,{bP:()=>s,iz:()=>c,m$:()=>a});var n=r(385);let i=!1,o=!1;try{const e={get passive(){return i=!0,!1},get signal(){return o=!0,!1}};n._A.addEventListener("test",null,e),n._A.removeEventListener("test",null,e)}catch(e){}function a(e,t){return i||o?{capture:!!e,passive:i,signal:t}:!!e}function s(e,t){let r=arguments.length>2&&void 0!==arguments[2]&&arguments[2],n=arguments.length>3?arguments[3]:void 0;window.addEventListener(e,t,a(r,n))}function c(e,t){let r=arguments.length>2&&void 0!==arguments[2]&&arguments[2],n=arguments.length>3?arguments[3]:void 0;document.addEventListener(e,t,a(r,n))}},3117:(e,t,r)=>{"use strict";r.d(t,{a:()=>n});const n=(0,r(4402).Rl)()},4402:(e,t,r)=>{"use strict";r.d(t,{Ht:()=>u,M:()=>c,Rl:()=>a,ky:()=>s});var n=r(385);const i="xxxxxxxx-xxxx-4xxx-yxxx-xxxxxxxxxxxx";function o(e,t){return e?15&e[t]:16*Math.random()|0}function a(){const e=n._A?.crypto||n._A?.msCrypto;let t,r=0;return e&&e.getRandomValues&&(t=e.getRandomValues(new Uint8Array(31))),i.split("").map((e=>"x"===e?o(t,++r).toString(16):"y"===e?(3&o()|8).toString(16):e)).join("")}function s(e){const t=n._A?.crypto||n._A?.msCrypto;let r,i=0;t&&t.getRandomValues&&(r=t.getRandomValues(new Uint8Array(31)));const a=[];for(var s=0;s<e;s++)a.push(o(r,++i).toString(16));return a.join("")}function c(){return s(16)}function u(){return s(32)}},7056:(e,t,r)=>{"use strict";r.d(t,{Bq:()=>n,Hb:()=>o,oD:()=>i});const n="NRBA",i=144e5,o=18e5},7894:(e,t,r)=>{"use strict";function n(){return Math.round(performance.now())}r.d(t,{z:()=>n})},7243:(e,t,r)=>{"use strict";r.d(t,{e:()=>i});var n=r(385);function i(e){if(0===(e||"").indexOf("data:"))return{protocol:"data"};try{const t=new URL(e,location.href),r={port:t.port,hostname:t.hostname,pathname:t.pathname,search:t.search,protocol:t.protocol.slice(0,t.protocol.indexOf(":")),sameOrigin:t.protocol===n._A?.location?.protocol&&t.host===n._A?.location?.host};return r.port&&""!==r.port||("http:"===t.protocol&&(r.port="80"),"https:"===t.protocol&&(r.port="443")),r.pathname&&""!==r.pathname?r.pathname.startsWith("/")||(r.pathname="/".concat(r.pathname)):r.pathname="/",r}catch(e){return{}}}},50:(e,t,r)=>{"use strict";function n(e,t){"function"==typeof console.warn&&(console.warn("New Relic: ".concat(e)),t&&console.warn(t))}r.d(t,{Z:()=>n})},2825:(e,t,r)=>{"use strict";r.d(t,{N:()=>d,T:()=>l});var n=r(8325),i=r(5546),o=r(3325),a=r(385);const s="newrelic";const c={stn:[o.D.sessionTrace],err:[o.D.jserrors,o.D.metrics],ins:[o.D.pageAction],spa:[o.D.spa],sr:[o.D.sessionReplay,o.D.sessionTrace]},u=new Set;function d(e,t){const r=n.ee.get(t);e&&"object"==typeof e&&(u.has(t)||(Object.entries(e).forEach((e=>{let[t,n]=e;c[t]?c[t].forEach((e=>{n?(0,i.p)("feat-"+t,[],void 0,e,r):(0,i.p)("block-"+t,[],void 0,e,r),(0,i.p)("rumresp-"+t,[Boolean(n)],void 0,e,r)})):n&&(0,i.p)("feat-"+t,[],void 0,void 0,r),l[t]=Boolean(n)})),Object.keys(c).forEach((e=>{void 0===l[e]&&(c[e]?.forEach((t=>(0,i.p)("rumresp-"+e,[!1],void 0,t,r))),l[e]=!1)})),u.add(t),function(){let e=arguments.length>0&&void 0!==arguments[0]?arguments[0]:{};try{a._A.dispatchEvent(new CustomEvent(s,{detail:e}))}catch(e){}}({loaded:!0})))}const l={}},2210:(e,t,r)=>{"use strict";r.d(t,{X:()=>i});var n=Object.prototype.hasOwnProperty;function i(e,t,r){if(n.call(e,t))return e[t];var i=r();if(Object.defineProperty&&Object.keys)try{return Object.defineProperty(e,t,{value:i,writable:!0,enumerable:!1}),i}catch(e){}return e[t]=i,i}},1284:(e,t,r)=>{"use strict";r.d(t,{D:()=>n});const n=(e,t)=>Object.entries(e||{}).map((e=>{let[r,n]=e;return t(r,n)}))},4351:(e,t,r)=>{"use strict";r.d(t,{P:()=>o});var n=r(8325);const i=()=>{const e=new WeakSet;return(t,r)=>{if("object"==typeof r&&null!==r){if(e.has(r))return;e.add(r)}return r}};function o(e){try{return JSON.stringify(e,i())}catch(e){try{n.ee.emit("internal-error",[e])}catch(e){}}}},3960:(e,t,r)=>{"use strict";r.d(t,{KB:()=>a,b2:()=>o});var n=r(3239);function i(){return"undefined"==typeof document||"complete"===document.readyState}function o(e,t){if(i())return e();(0,n.bP)("load",e,t)}function a(e){if(i())return e();(0,n.iz)("DOMContentLoaded",e)}},8632:(e,t,r)=>{"use strict";r.d(t,{EZ:()=>d,ce:()=>o,ek:()=>u,fP:()=>a,gG:()=>l,h5:()=>c,mF:()=>s});var n=r(7894),i=r(385);const o={beacon:"bam.nr-data.net",errorBeacon:"bam.nr-data.net"};function a(){return i._A.NREUM||(i._A.NREUM={}),void 0===i._A.newrelic&&(i._A.newrelic=i._A.NREUM),i._A.NREUM}function s(){let e=a();return e.o||(e.o={ST:i._A.setTimeout,SI:i._A.setImmediate,CT:i._A.clearTimeout,XHR:i._A.XMLHttpRequest,REQ:i._A.Request,EV:i._A.Event,PR:i._A.Promise,MO:i._A.MutationObserver,FETCH:i._A.fetch}),e}function c(e,t){let r=a();r.initializedAgents??={},t.initializedAt={ms:(0,n.z)(),date:new Date},r.initializedAgents[e]=t}function u(e){let t=a();return t.initializedAgents?.[e]}function d(e,t){a()[e]=t}function l(){return function(){let e=a();const t=e.info||{};e.info={beacon:o.beacon,errorBeacon:o.errorBeacon,...t}}(),function(){let e=a();const t=e.init||{};e.init={...t}}(),s(),function(){let e=a();const t=e.loader_config||{};e.loader_config={...t}}(),a()}},7956:(e,t,r)=>{"use strict";r.d(t,{N:()=>i});var n=r(3239);function i(e){let t=arguments.length>1&&void 0!==arguments[1]&&arguments[1],r=arguments.length>2?arguments[2]:void 0,i=arguments.length>3?arguments[3]:void 0;(0,n.iz)("visibilitychange",(function(){if(t)return void("hidden"===document.visibilityState&&e());e(document.visibilityState)}),r,i)}},1214:(e,t,r)=>{"use strict";r.d(t,{em:()=>b,u5:()=>D,QU:()=>C,_L:()=>I,Gm:()=>H,Lg:()=>L,BV:()=>G,Kf:()=>K});var n=r(8325),i=r(3117);const o="nr@original:".concat(i.a);var a=Object.prototype.hasOwnProperty,s=!1;function c(e,t){return e||(e=n.ee),r.inPlace=function(e,t,n,i,o){n||(n="");const a="-"===n.charAt(0);for(let s=0;s<t.length;s++){const c=t[s],u=e[c];d(u)||(e[c]=r(u,a?c+n:n,i,c,o))}},r.flag=o,r;function r(t,r,n,s,c){return d(t)?t:(r||(r=""),nrWrapper[o]=t,function(e,t,r){if(Object.defineProperty&&Object.keys)try{return Object.keys(e).forEach((function(r){Object.defineProperty(t,r,{get:function(){return e[r]},set:function(t){return e[r]=t,t}})})),t}catch(e){u([e],r)}for(var n in e)a.call(e,n)&&(t[n]=e[n])}(t,nrWrapper,e),nrWrapper);function nrWrapper(){var o,a,d,l;try{a=this,o=[...arguments],d="function"==typeof n?n(o,a):n||{}}catch(t){u([t,"",[o,a,s],d],e)}i(r+"start",[o,a,s],d,c);try{return l=t.apply(a,o)}catch(e){throw i(r+"err",[o,a,e],d,c),e}finally{i(r+"end",[o,a,l],d,c)}}}function i(r,n,i,o){if(!s||t){var a=s;s=!0;try{e.emit(r,n,i,t,o)}catch(t){u([t,r,n,i],e)}s=a}}}function u(e,t){t||(t=n.ee);try{t.emit("internal-error",e)}catch(e){}}function d(e){return!(e&&"function"==typeof e&&e.apply&&!e[o])}var l=r(2210),f=r(385);const h={},p=f._A.XMLHttpRequest,g="addEventListener",m="removeEventListener",v="nr@wrapped:".concat(n.A);function b(e){var t=function(e){return(e||n.ee).get("events")}(e);if(h[t.debugId]++)return t;h[t.debugId]=1;var r=c(t,!0);function i(e){r.inPlace(e,[g,m],"-",o)}function o(e,t){return e[1]}return"getPrototypeOf"in Object&&(f.il&&y(document,i),y(f._A,i),y(p.prototype,i)),t.on(g+"-start",(function(e,t){var n=e[1];if(null!==n&&("function"==typeof n||"object"==typeof n)){var i=(0,l.X)(n,v,(function(){var e={object:function(){if("function"!=typeof n.handleEvent)return;return n.handleEvent.apply(n,arguments)},function:n}[typeof n];return e?r(e,"fn-",null,e.name||"anonymous"):n}));this.wrapped=e[1]=i}})),t.on(m+"-start",(function(e){e[1]=this.wrapped||e[1]})),t}function y(e,t){let r=e;for(;"object"==typeof r&&!Object.prototype.hasOwnProperty.call(r,g);)r=Object.getPrototypeOf(r);for(var n=arguments.length,i=new Array(n>2?n-2:0),o=2;o<n;o++)i[o-2]=arguments[o];r&&t(r,...i)}var A="fetch-",w=A+"body-",x=["arrayBuffer","blob","json","text","formData"],E=f._A.Request,_=f._A.Response,T="prototype";const S={};function D(e){const t=function(e){return(e||n.ee).get("fetch")}(e);if(!(E&&_&&f._A.fetch))return t;if(S[t.debugId]++)return t;function r(e,r,i){var o=e[r];"function"==typeof o&&(e[r]=function(){var e,r=[...arguments],a={};t.emit(i+"before-start",[r],a),a[n.A]&&a[n.A].dt&&(e=a[n.A].dt);var s=o.apply(this,r);return t.emit(i+"start",[r,e],s),s.then((function(e){return t.emit(i+"end",[null,e],s),e}),(function(e){throw t.emit(i+"end",[e],s),e}))})}return S[t.debugId]=1,x.forEach((e=>{r(E[T],e,w),r(_[T],e,w)})),r(f._A,"fetch",A),t.on(A+"end",(function(e,r){var n=this;if(r){var i=r.headers.get("content-length");null!==i&&(n.rxSize=i),t.emit(A+"done",[null,r],n)}else t.emit(A+"done",[e],n)})),t}const j={},N=["pushState","replaceState"];function C(e){const t=function(e){return(e||n.ee).get("history")}(e);return!f.il||j[t.debugId]++||(j[t.debugId]=1,c(t).inPlace(window.history,N,"-")),t}var R=r(3239);const O={},P=["appendChild","insertBefore","replaceChild"];function I(e){const t=function(e){return(e||n.ee).get("jsonp")}(e);if(!f.il||O[t.debugId])return t;O[t.debugId]=!0;var r=c(t),i=/[?&](?:callback|cb)=([^&#]+)/,o=/(.*)\.([^.]+)/,a=/^(\w+)(\.|$)(.*)$/;function s(e,t){if(!e)return t;const r=e.match(a),n=r[1];return s(r[3],t[n])}return r.inPlace(Node.prototype,P,"dom-"),t.on("dom-start",(function(e){!function(e){if(!e||"string"!=typeof e.nodeName||"script"!==e.nodeName.toLowerCase())return;if("function"!=typeof e.addEventListener)return;var n=(a=e.src,c=a.match(i),c?c[1]:null);var a,c;if(!n)return;var u=function(e){var t=e.match(o);if(t&&t.length>=3)return{key:t[2],parent:s(t[1],window)};return{key:e,parent:window}}(n);if("function"!=typeof u.parent[u.key])return;var d={};function l(){t.emit("jsonp-end",[],d),e.removeEventListener("load",l,(0,R.m$)(!1)),e.removeEventListener("error",f,(0,R.m$)(!1))}function f(){t.emit("jsonp-error",[],d),t.emit("jsonp-end",[],d),e.removeEventListener("load",l,(0,R.m$)(!1)),e.removeEventListener("error",f,(0,R.m$)(!1))}r.inPlace(u.parent,[u.key],"cb-",d),e.addEventListener("load",l,(0,R.m$)(!1)),e.addEventListener("error",f,(0,R.m$)(!1)),t.emit("new-jsonp",[e.src],d)}(e[0])})),t}const k={};function H(e){const t=function(e){return(e||n.ee).get("mutation")}(e);if(!f.il||k[t.debugId])return t;k[t.debugId]=!0;var r=c(t),i=f._A.MutationObserver;return i&&(window.MutationObserver=function(e){return this instanceof i?new i(r(e,"fn-")):i.apply(this,arguments)},MutationObserver.prototype=i.prototype),t}const z={};function L(e){const t=function(e){return(e||n.ee).get("promise")}(e);if(z[t.debugId])return t;z[t.debugId]=!0;var r=t.context,i=c(t),a=f._A.Promise;return a&&function(){function e(r){var n=t.context(),o=i(r,"executor-",n,null,!1);const s=Reflect.construct(a,[o],e);return t.context(s).getCtx=function(){return n},s}f._A.Promise=e,Object.defineProperty(e,"name",{value:"Promise"}),e.toString=function(){return a.toString()},Object.setPrototypeOf(e,a),["all","race"].forEach((function(r){const n=a[r];e[r]=function(e){let i=!1;[...e||[]].forEach((e=>{this.resolve(e).then(a("all"===r),a(!1))}));const o=n.apply(this,arguments);return o;function a(e){return function(){t.emit("propagate",[null,!i],o,!1,!1),i=i||!e}}}})),["resolve","reject"].forEach((function(r){const n=a[r];e[r]=function(e){const r=n.apply(this,arguments);return e!==r&&t.emit("propagate",[e,!0],r,!1,!1),r}})),e.prototype=a.prototype;const n=a.prototype.then;a.prototype.then=function(){var e=this,o=r(e);o.promise=e;for(var a=arguments.length,s=new Array(a),c=0;c<a;c++)s[c]=arguments[c];s[0]=i(s[0],"cb-",o,null,!1),s[1]=i(s[1],"cb-",o,null,!1);const u=n.apply(this,s);return o.nextPromise=u,t.emit("propagate",[e,!0],u,!1,!1),u},a.prototype.then[o]=n,t.on("executor-start",(function(e){e[0]=i(e[0],"resolve-",this,null,!1),e[1]=i(e[1],"resolve-",this,null,!1)})),t.on("executor-err",(function(e,t,r){e[1](r)})),t.on("cb-end",(function(e,r,n){t.emit("propagate",[n,!0],this.nextPromise,!1,!1)})),t.on("propagate",(function(e,r,n){this.getCtx&&!r||(this.getCtx=function(){if(e instanceof Promise)var r=t.context(e);return r&&r.getCtx?r.getCtx():this})}))}(),t}const M={},F="setTimeout",B="setInterval",U="clearTimeout",Z="-start",V="-",q=[F,"setImmediate",B,U,"clearImmediate"];function G(e){const t=function(e){return(e||n.ee).get("timer")}(e);if(M[t.debugId]++)return t;M[t.debugId]=1;var r=c(t);return r.inPlace(f._A,q.slice(0,2),F+V),r.inPlace(f._A,q.slice(2,3),B+V),r.inPlace(f._A,q.slice(3),U+V),t.on(B+Z,(function(e,t,n){e[0]=r(e[0],"fn-",null,n)})),t.on(F+Z,(function(e,t,n){this.method=n,this.timerDuration=isNaN(e[1])?0:+e[1],e[0]=r(e[0],"fn-",this,n)})),t}var W=r(50);const X={},Y=["open","send"];function K(e){var t=e||n.ee;const r=function(e){return(e||n.ee).get("xhr")}(t);if(X[r.debugId]++)return r;X[r.debugId]=1,b(t);var i=c(r),o=f._A.XMLHttpRequest,a=f._A.MutationObserver,s=f._A.Promise,u=f._A.setInterval,d="readystatechange",l=["onload","onerror","onabort","onloadstart","onloadend","onprogress","ontimeout"],h=[],p=f._A.XMLHttpRequest=function(e){const t=new o(e),n=r.context(t);try{r.emit("new-xhr",[t],n),t.addEventListener(d,(a=n,function(){var e=this;e.readyState>3&&!a.resolved&&(a.resolved=!0,r.emit("xhr-resolved",[],e)),i.inPlace(e,l,"fn-",w)}),(0,R.m$)(!1))}catch(e){(0,W.Z)("An error occurred while intercepting XHR",e);try{r.emit("internal-error",[e])}catch(e){}}var a;return t};function g(e,t){i.inPlace(t,["onreadystatechange"],"fn-",w)}if(function(e,t){for(var r in e)t[r]=e[r]}(o,p),p.prototype=o.prototype,i.inPlace(p.prototype,Y,"-xhr-",w),r.on("send-xhr-start",(function(e,t){g(e,t),function(e){h.push(e),a&&(m?m.then(A):u?u(A):(v=-v,y.data=v))}(t)})),r.on("open-xhr-start",g),a){var m=s&&s.resolve();if(!u&&!s){var v=1,y=document.createTextNode(v);new a(A).observe(y,{characterData:!0})}}else t.on("fn-end",(function(e){e[0]&&e[0].type===d||A()}));function A(){for(var e=0;e<h.length;e++)g(0,h[e]);h.length&&(h=[])}function w(e,t){return t}return r}},7825:(e,t,r)=>{"use strict";r.d(t,{t:()=>n});const n=r(3325).D.ajax},6660:(e,t,r)=>{"use strict";r.d(t,{t:()=>n});const n=r(3325).D.jserrors},3081:(e,t,r)=>{"use strict";r.d(t,{gF:()=>o,mY:()=>i,t9:()=>n,vz:()=>s,xS:()=>a});const n=r(3325).D.metrics,i="sm",o="cm",a="storeSupportabilityMetrics",s="storeEventMetrics"},4649:(e,t,r)=>{"use strict";r.d(t,{t:()=>n});const n=r(3325).D.pageAction},7633:(e,t,r)=>{"use strict";r.d(t,{t:()=>n});const n=r(3325).D.pageViewEvent},9251:(e,t,r)=>{"use strict";r.d(t,{t:()=>n});const n=r(3325).D.pageViewTiming},7144:(e,t,r)=>{"use strict";r.d(t,{t:()=>n});const n=r(3325).D.sessionReplay},3614:(e,t,r)=>{"use strict";r.d(t,{BST_RESOURCE:()=>i,END:()=>s,FEATURE_NAME:()=>n,FN_END:()=>u,FN_START:()=>c,PUSH_STATE:()=>d,RESOURCE:()=>o,START:()=>a});const n=r(3325).D.sessionTrace,i="bstResource",o="resource",a="-start",s="-end",c="fn"+a,u="fn"+s,d="pushState"},7836:(e,t,r)=>{"use strict";r.d(t,{BODY:()=>x,CB_END:()=>E,CB_START:()=>u,END:()=>w,FEATURE_NAME:()=>i,FETCH:()=>T,FETCH_BODY:()=>v,FETCH_DONE:()=>m,FETCH_START:()=>g,FN_END:()=>c,FN_START:()=>s,INTERACTION:()=>f,INTERACTION_API:()=>d,INTERACTION_EVENTS:()=>o,JSONP_END:()=>b,JSONP_NODE:()=>p,JS_TIME:()=>_,MAX_TIMER_BUDGET:()=>a,REMAINING:()=>l,SPA_NODE:()=>h,START:()=>A,originalSetTimeout:()=>y});var n=r(234);const i=r(3325).D.spa,o=["click","submit","keypress","keydown","keyup","change"],a=999,s="fn-start",c="fn-end",u="cb-start",d="api-ixn-",l="remaining",f="interaction",h="spaNode",p="jsonpNode",g="fetch-start",m="fetch-done",v="fetch-body-",b="jsonp-end",y=n.Yu.ST,A="-start",w="-end",x="-body",E="cb"+w,_="jsTime",T="fetch"},5938:(e,t,r)=>{"use strict";r.d(t,{W:()=>i});var n=r(8325);class i{constructor(e,t,r){this.agentIdentifier=e,this.aggregator=t,this.ee=n.ee.get(e),this.featureName=r,this.blocked=!1}}},7530:(e,t,r)=>{"use strict";r.d(t,{j:()=>b});var n=r(3325),i=r(234),o=r(5546),a=r(8325),s=r(7894),c=r(8e3),u=r(3960),d=r(385),l=r(50),f=r(3081),h=r(8632);function p(){const e=(0,h.gG)();["setErrorHandler","finished","addToTrace","addRelease","addPageAction","setCurrentRouteName","setPageViewName","setCustomAttribute","interaction","noticeError","setUserId","setApplicationVersion","start","recordReplay","pauseReplay"].forEach((t=>{e[t]=function(){for(var r=arguments.length,n=new Array(r),i=0;i<r;i++)n[i]=arguments[i];return function(t){for(var r=arguments.length,n=new Array(r>1?r-1:0),i=1;i<r;i++)n[i-1]=arguments[i];let o=[];return Object.values(e.initializedAgents).forEach((e=>{e.exposed&&e.api[t]&&o.push(e.api[t](...n))})),o.length>1?o:o[0]}(t,...n)}}))}var g=r(2825);const m=e=>{const t=e.startsWith("http");e+="/",r.p=t?e:"https://"+e};let v=!1;function b(e){let t=arguments.length>1&&void 0!==arguments[1]?arguments[1]:{},b=arguments.length>2?arguments[2]:void 0,y=arguments.length>3?arguments[3]:void 0,{init:A,info:w,loader_config:x,runtime:E={loaderType:b},exposed:_=!0}=t;const T=(0,h.gG)();w||(A=T.init,w=T.info,x=T.loader_config),(0,i.Dg)(e.agentIdentifier,A||{}),(0,i.GE)(e.agentIdentifier,x||{}),w.jsAttributes??={},d.v6&&(w.jsAttributes.isWorker=!0),(0,i.CX)(e.agentIdentifier,w);const S=(0,i.P_)(e.agentIdentifier),D=[w.beacon,w.errorBeacon];v||(S.proxy.assets&&(m(S.proxy.assets),D.push(S.proxy.assets)),S.proxy.beacon&&D.push(S.proxy.beacon),p(),(0,h.EZ)("activatedFeatures",g.T)),E.denyList=[...S.ajax.deny_list||[],...S.ajax.block_internal?D:[]],(0,i.sU)(e.agentIdentifier,E),void 0===e.api&&(e.api=function(e,t){t||(0,c.R)(e,"api");const h={};var p=a.ee.get(e),g=p.get("tracer"),m="api-",v=m+"ixn-";function b(t,r,n,o){const a=(0,i.C5)(e);return null===r?delete a.jsAttributes[t]:(0,i.CX)(e,{...a,jsAttributes:{...a.jsAttributes,[t]:r}}),w(m,n,!0,o||null===r?"session":void 0)(t,r)}function y(){}["setErrorHandler","finished","addToTrace","addRelease"].forEach((e=>{h[e]=w(m,e,!0,"api")})),h.addPageAction=w(m,"addPageAction",!0,n.D.pageAction),h.setCurrentRouteName=w(m,"routeName",!0,n.D.spa),h.setPageViewName=function(t,r){if("string"==typeof t)return"/"!==t.charAt(0)&&(t="/"+t),(0,i.OP)(e).customTransaction=(r||"http://custom.transaction")+t,w(m,"setPageViewName",!0)()},h.setCustomAttribute=function(e,t){let r=arguments.length>2&&void 0!==arguments[2]&&arguments[2];if("string"==typeof e){if(["string","number","boolean"].includes(typeof t)||null===t)return b(e,t,"setCustomAttribute",r);(0,l.Z)("Failed to execute setCustomAttribute.\nNon-null value must be a string, number or boolean type, but a type of <".concat(typeof t,"> was provided."))}else(0,l.Z)("Failed to execute setCustomAttribute.\nName must be a string type, but a type of <".concat(typeof e,"> was provided."))},h.setUserId=function(e){if("string"==typeof e||null===e)return b("enduser.id",e,"setUserId",!0);(0,l.Z)("Failed to execute setUserId.\nNon-null value must be a string type, but a type of <".concat(typeof e,"> was provided."))},h.setApplicationVersion=function(e){if("string"==typeof e||null===e)return b("application.version",e,"setApplicationVersion",!1);(0,l.Z)("Failed to execute setApplicationVersion. Expected <String | null>, but got <".concat(typeof e,">."))},h.start=e=>{try{const t=e?"defined":"undefined";(0,o.p)(f.xS,["API/start/".concat(t,"/called")],void 0,n.D.metrics,p);const r=Object.values(n.D);if(void 0===e)e=r;else{if((e=Array.isArray(e)&&e.length?e:[e]).some((e=>!r.includes(e))))return(0,l.Z)("Invalid feature name supplied. Acceptable feature names are: ".concat(r));e.includes(n.D.pageViewEvent)||e.push(n.D.pageViewEvent)}e.forEach((e=>{p.emit("".concat(e,"-opt-in"))}))}catch(e){(0,l.Z)("An unexpected issue occurred",e)}},h.recordReplay=function(){(0,o.p)(f.xS,["API/recordReplay/called"],void 0,n.D.metrics,p),(0,o.p)("recordReplay",[],void 0,n.D.sessionReplay,p)},h.pauseReplay=function(){(0,o.p)(f.xS,["API/pauseReplay/called"],void 0,n.D.metrics,p),(0,o.p)("pauseReplay",[],void 0,n.D.sessionReplay,p)},h.interaction=function(){return(new y).get()};var A=y.prototype={createTracer:function(e,t){var r={},i=this,a="function"==typeof t;return(0,o.p)(f.xS,["API/createTracer/called"],void 0,n.D.metrics,p),(0,o.p)(v+"tracer",[(0,s.z)(),e,r],i,n.D.spa,p),function(){if(g.emit((a?"":"no-")+"fn-start",[(0,s.z)(),i,a],r),a)try{return t.apply(this,arguments)}catch(e){throw g.emit("fn-err",[arguments,this,e],r),e}finally{g.emit("fn-end",[(0,s.z)()],r)}}}};function w(e,t,r,i){return function(){return(0,o.p)(f.xS,["API/"+t+"/called"],void 0,n.D.metrics,p),i&&(0,o.p)(e+t,[(0,s.z)(),...arguments],r?null:this,i,p),r?void 0:this}}function x(){r.e(111).then(r.bind(r,7438)).then((t=>{let{setAPI:r}=t;r(e),(0,c.L)(e,"api")})).catch((()=>(0,l.Z)("Downloading runtime APIs failed...")))}return["actionText","setName","setAttribute","save","ignore","onEnd","getContext","end","get"].forEach((e=>{A[e]=w(v,e,void 0,n.D.spa)})),h.noticeError=function(e,t){"string"==typeof e&&(e=new Error(e)),(0,o.p)(f.xS,["API/noticeError/called"],void 0,n.D.metrics,p),(0,o.p)("err",[e,(0,s.z)(),!1,t],void 0,n.D.jserrors,p)},d.il?(0,u.b2)((()=>x()),!0):x(),h}(e.agentIdentifier,y)),void 0===e.exposed&&(e.exposed=_),v=!0}},1926:(e,t,r)=>{r.nc=(()=>{try{return document?.currentScript?.nonce}catch(e){}return""})()},3325:(e,t,r)=>{"use strict";r.d(t,{D:()=>n,p:()=>i});const n={ajax:"ajax",jserrors:"jserrors",metrics:"metrics",pageAction:"page_action",pageViewEvent:"page_view_event",pageViewTiming:"page_view_timing",sessionReplay:"session_replay",sessionTrace:"session_trace",spa:"spa"},i={[n.pageViewEvent]:1,[n.pageViewTiming]:2,[n.metrics]:3,[n.jserrors]:4,[n.ajax]:5,[n.sessionTrace]:6,[n.pageAction]:7,[n.spa]:8,[n.sessionReplay]:9}}},n={};function i(e){var t=n[e];if(void 0!==t)return t.exports;var o=n[e]={exports:{}};return r[e](o,o.exports,i),o.exports}i.m=r,i.d=(e,t)=>{for(var r in t)i.o(t,r)&&!i.o(e,r)&&Object.defineProperty(e,r,{enumerable:!0,get:t[r]})},i.f={},i.e=e=>Promise.all(Object.keys(i.f).reduce(((t,r)=>(i.f[r](e,t),t)),[])),i.u=e=>({111:"nr-spa",164:"nr-spa-compressor",433:"nr-spa-recorder"}[e]+"-1.248.0.min.js"),i.o=(e,t)=>Object.prototype.hasOwnProperty.call(e,t),e={},t="NRBA-1.248.0.PROD:",i.l=(r,n,o,a)=>{if(e[r])e[r].push(n);else{var s,c;if(void 0!==o)for(var u=document.getElementsByTagName("script"),d=0;d<u.length;d++){var l=u[d];if(l.getAttribute("src")==r||l.getAttribute("data-webpack")==t+o){s=l;break}}s||(c=!0,(s=document.createElement("script")).charset="utf-8",s.timeout=120,i.nc&&s.setAttribute("nonce",i.nc),s.setAttribute("data-webpack",t+o),s.src=r,0!==s.src.indexOf(window.location.origin+"/")&&(s.crossOrigin="anonymous"),s.integrity=i.sriHashes[a],s.crossOrigin="anonymous"),e[r]=[n];var f=(t,n)=>{s.onerror=s.onload=null,clearTimeout(h);var i=e[r];if(delete e[r],s.parentNode&&s.parentNode.removeChild(s),i&&i.forEach((e=>e(n))),t)return t(n)},h=setTimeout(f.bind(null,void 0,{type:"timeout",target:s}),12e4);s.onerror=f.bind(null,s.onerror),s.onload=f.bind(null,s.onload),c&&document.head.appendChild(s)}},i.r=e=>{"undefined"!=typeof Symbol&&Symbol.toStringTag&&Object.defineProperty(e,Symbol.toStringTag,{value:"Module"}),Object.defineProperty(e,"__esModule",{value:!0})},i.p="https://js-agent.newrelic.com/",i.sriHashes={111:"sha512-ZwkW/wLO65ZnBcPIJO2VJVqTtRyXCRZiimLidZm1CYZfRiDwnchDLGFiEKDNkhfy/b1cgD3SElt5YjVudzleDQ=="},(()=>{var e={801:0,92:0};i.f.j=(t,r)=>{var n=i.o(e,t)?e[t]:void 0;if(0!==n)if(n)r.push(n[2]);else{var o=new Promise(((r,i)=>n=e[t]=[r,i]));r.push(n[2]=o);var a=i.p+i.u(t),s=new Error;i.l(a,(r=>{if(i.o(e,t)&&(0!==(n=e[t])&&(e[t]=void 0),n)){var o=r&&("load"===r.type?"missing":r.type),a=r&&r.target&&r.target.src;s.message="Loading chunk "+t+" failed.\n("+o+": "+a+")",s.name="ChunkLoadError",s.type=o,s.request=a,n[1](s)}}),"chunk-"+t,t)}};var t=(t,r)=>{var n,o,[a,s,c]=r,u=0;if(a.some((t=>0!==e[t]))){for(n in s)i.o(s,n)&&(i.m[n]=s[n]);if(c)c(i)}for(t&&t(r);u<a.length;u++)o=a[u],i.o(e,o)&&e[o]&&e[o][0](),e[o]=0},r=self["webpackChunk:NRBA-1.248.0.PROD"]=self["webpackChunk:NRBA-1.248.0.PROD"]||[];r.forEach(t.bind(null,0)),r.push=t.bind(null,r.push.bind(r))})(),(()=>{"use strict";i(1926);var e=i(50);class t{addPageAction(t,r){(0,e.Z)("Call to agent api addPageAction failed. The page action feature is not currently initialized.")}setPageViewName(t,r){(0,e.Z)("Call to agent api setPageViewName failed. The page view feature is not currently initialized.")}setCustomAttribute(t,r,n){(0,e.Z)("Call to agent api setCustomAttribute failed. The js errors feature is not currently initialized.")}noticeError(t,r){(0,e.Z)("Call to agent api noticeError failed. The js errors feature is not currently initialized.")}setUserId(t){(0,e.Z)("Call to agent api setUserId failed. The js errors feature is not currently initialized.")}setApplicationVersion(t){(0,e.Z)("Call to agent api setApplicationVersion failed. The agent is not currently initialized.")}setErrorHandler(t){(0,e.Z)("Call to agent api setErrorHandler failed. The js errors feature is not currently initialized.")}finished(t){(0,e.Z)("Call to agent api finished failed. The page action feature is not currently initialized.")}addRelease(t,r){(0,e.Z)("Call to agent api addRelease failed. The js errors feature is not currently initialized.")}start(t){(0,e.Z)("Call to agent api addRelease failed. The agent is not currently initialized.")}recordReplay(){(0,e.Z)("Call to agent api recordReplay failed. The agent is not currently initialized.")}pauseReplay(){(0,e.Z)("Call to agent api pauseReplay failed. The agent is not currently initialized.")}}var r=i(3325),n=i(234);const o=Object.values(r.D);function a(e){const t={};return o.forEach((r=>{t[r]=function(e,t){return!1!==(0,n.Mt)(t,"".concat(e,".enabled"))}(r,e)})),t}var s=i(7530);var c=i(8e3),u=i(5938),d=i(3960),l=i(385);class f extends u.W{constructor(e,t,r){let i=!(arguments.length>3&&void 0!==arguments[3])||arguments[3];super(e,t,r),this.auto=i,this.abortHandler=void 0,this.featAggregate=void 0,this.onAggregateImported=void 0,!1===(0,n.Mt)(this.agentIdentifier,"".concat(this.featureName,".autoStart"))&&(this.auto=!1),this.auto&&(0,c.R)(e,r)}importAggregator(){let t=arguments.length>0&&void 0!==arguments[0]?arguments[0]:{};if(this.featAggregate)return;if(!this.auto)return void this.ee.on("".concat(this.featureName,"-opt-in"),(()=>{(0,c.R)(this.agentIdentifier,this.featureName),this.auto=!0,this.importAggregator()}));const r=l.il&&!0===(0,n.Mt)(this.agentIdentifier,"privacy.cookies_enabled");let o;this.onAggregateImported=new Promise((e=>{o=e}));const a=async()=>{let n;try{if(r){const{setupAgentSession:e}=await i.e(111).then(i.bind(i,3228));n=e(this.agentIdentifier)}}catch(t){(0,e.Z)("A problem occurred when starting up session manager. This page will not start or extend any session.",t)}try{if(!this.shouldImportAgg(this.featureName,n))return(0,c.L)(this.agentIdentifier,this.featureName),void o(!1);const{lazyFeatureLoader:e}=await i.e(111).then(i.bind(i,8582)),{Aggregate:r}=await e(this.featureName,"aggregate");this.featAggregate=new r(this.agentIdentifier,this.aggregator,t),o(!0)}catch(t){(0,e.Z)("Downloading and initializing ".concat(this.featureName," failed..."),t),this.abortHandler?.(),(0,c.L)(this.agentIdentifier,this.featureName),o(!1)}};l.il?(0,d.b2)((()=>a()),!0):a()}shouldImportAgg(e,t){return e!==r.D.sessionReplay||!!n.Yu.MO&&(!1!==(0,n.Mt)(this.agentIdentifier,"session_trace.enabled")&&(!!t?.isNew||!!t?.state.sessionReplayMode))}}var h=i(7633);class p extends f{static featureName=h.t;constructor(e,t){let r=!(arguments.length>2&&void 0!==arguments[2])||arguments[2];super(e,t,h.t,r),this.importAggregator()}}var g=i(1117),m=i(1284);class v extends g.w{constructor(e){super(e),this.aggregatedData={}}store(e,t,r,n,i){var o=this.getBucket(e,t,r,i);return o.metrics=function(e,t){t||(t={count:0});return t.count+=1,(0,m.D)(e,(function(e,r){t[e]=b(r,t[e])})),t}(n,o.metrics),o}merge(e,t,r,n,i){var o=this.getBucket(e,t,n,i);if(o.metrics){var a=o.metrics;a.count+=r.count,(0,m.D)(r,(function(e,t){if("count"!==e){var n=a[e],i=r[e];i&&!i.c?a[e]=b(i.t,n):a[e]=function(e,t){if(!t)return e;t.c||(t=y(t.t));return t.min=Math.min(e.min,t.min),t.max=Math.max(e.max,t.max),t.t+=e.t,t.sos+=e.sos,t.c+=e.c,t}(i,a[e])}}))}else o.metrics=r}storeMetric(e,t,r,n){var i=this.getBucket(e,t,r);return i.stats=b(n,i.stats),i}getBucket(e,t,r,n){this.aggregatedData[e]||(this.aggregatedData[e]={});var i=this.aggregatedData[e][t];return i||(i=this.aggregatedData[e][t]={params:r||{}},n&&(i.custom=n)),i}get(e,t){return t?this.aggregatedData[e]&&this.aggregatedData[e][t]:this.aggregatedData[e]}take(e){for(var t={},r="",n=!1,i=0;i<e.length;i++)t[r=e[i]]=A(this.aggregatedData[r]),t[r].length&&(n=!0),delete this.aggregatedData[r];return n?t:null}}function b(e,t){return null==e?function(e){e?e.c++:e={c:1};return e}(t):t?(t.c||(t=y(t.t)),t.c+=1,t.t+=e,t.sos+=e*e,e>t.max&&(t.max=e),e<t.min&&(t.min=e),t):{t:e}}function y(e){return{t:e,min:e,max:e,sos:e*e,c:1}}function A(e){return"object"!=typeof e?[]:(0,m.D)(e,w)}function w(e,t){return t}var x=i(8632),E=i(4402),_=i(4351);var T=i(5546),S=i(7956),D=i(3239),j=i(7894),N=i(9251);class C extends f{static featureName=N.t;constructor(e,t){let r=!(arguments.length>2&&void 0!==arguments[2])||arguments[2];super(e,t,N.t,r),l.il&&((0,S.N)((()=>(0,T.p)("docHidden",[(0,j.z)()],void 0,N.t,this.ee)),!0),(0,D.bP)("pagehide",(()=>(0,T.p)("winPagehide",[(0,j.z)()],void 0,N.t,this.ee))),this.importAggregator())}}var R=i(3081);class O extends f{static featureName=R.t9;constructor(e,t){let r=!(arguments.length>2&&void 0!==arguments[2])||arguments[2];super(e,t,R.t9,r),this.importAggregator()}}var P=i(6660);class I{constructor(e,t,r,n){this.name="UncaughtError",this.message=e,this.sourceURL=t,this.line=r,this.column=n}}class k extends f{static featureName=P.t;#e=new Set;constructor(e,t){let n=!(arguments.length>2&&void 0!==arguments[2])||arguments[2];super(e,t,P.t,n);try{this.removeOnAbort=new AbortController}catch(e){}this.ee.on("fn-err",((e,t,n)=>{this.abortHandler&&!this.#e.has(n)&&(this.#e.add(n),(0,T.p)("err",[this.#t(n),(0,j.z)()],void 0,r.D.jserrors,this.ee))})),this.ee.on("internal-error",(e=>{this.abortHandler&&(0,T.p)("ierr",[this.#t(e),(0,j.z)(),!0],void 0,r.D.jserrors,this.ee)})),l._A.addEventListener("unhandledrejection",(e=>{this.abortHandler&&(0,T.p)("err",[this.#r(e),(0,j.z)(),!1,{unhandledPromiseRejection:1}],void 0,r.D.jserrors,this.ee)}),(0,D.m$)(!1,this.removeOnAbort?.signal)),l._A.addEventListener("error",(e=>{this.abortHandler&&(this.#e.has(e.error)?this.#e.delete(e.error):(0,T.p)("err",[this.#n(e),(0,j.z)()],void 0,r.D.jserrors,this.ee))}),(0,D.m$)(!1,this.removeOnAbort?.signal)),this.abortHandler=this.#i,this.importAggregator()}#i(){this.removeOnAbort?.abort(),this.#e.clear(),this.abortHandler=void 0}#t(e){return e instanceof Error?e:void 0!==e?.message?new I(e.message,e.filename||e.sourceURL,e.lineno||e.line,e.colno||e.col):new I("string"==typeof e?e:(0,_.P)(e))}#r(e){let t="Unhandled Promise Rejection: ";if(e?.reason instanceof Error)try{return e.reason.message=t+e.reason.message,e.reason}catch(t){return e.reason}if(void 0===e.reason)return new I(t);const r=this.#t(e.reason);return r.message=t+r.message,r}#n(e){return e.error instanceof Error?e.error:new I(e.message,e.filename,e.lineno,e.colno)}}var H=i(2210);let z=1;const L="nr@id";function M(e){const t=typeof e;return!e||"object"!==t&&"function"!==t?-1:e===l._A?0:(0,H.X)(e,L,(function(){return z++}))}function F(e){if("string"==typeof e&&e.length)return e.length;if("object"==typeof e){if("undefined"!=typeof ArrayBuffer&&e instanceof ArrayBuffer&&e.byteLength)return e.byteLength;if("undefined"!=typeof Blob&&e instanceof Blob&&e.size)return e.size;if(!("undefined"!=typeof FormData&&e instanceof FormData))try{return(0,_.P)(e).length}catch(e){return}}}var B=i(1214),U=i(7243);class Z{constructor(e){this.agentIdentifier=e}generateTracePayload(e){if(!this.shouldGenerateTrace(e))return null;var t=(0,n.DL)(this.agentIdentifier);if(!t)return null;var r=(t.accountID||"").toString()||null,i=(t.agentID||"").toString()||null,o=(t.trustKey||"").toString()||null;if(!r||!i)return null;var a=(0,E.M)(),s=(0,E.Ht)(),c=Date.now(),u={spanId:a,traceId:s,timestamp:c};return(e.sameOrigin||this.isAllowedOrigin(e)&&this.useTraceContextHeadersForCors())&&(u.traceContextParentHeader=this.generateTraceContextParentHeader(a,s),u.traceContextStateHeader=this.generateTraceContextStateHeader(a,c,r,i,o)),(e.sameOrigin&&!this.excludeNewrelicHeader()||!e.sameOrigin&&this.isAllowedOrigin(e)&&this.useNewrelicHeaderForCors())&&(u.newrelicHeader=this.generateTraceHeader(a,s,c,r,i,o)),u}generateTraceContextParentHeader(e,t){return"00-"+t+"-"+e+"-01"}generateTraceContextStateHeader(e,t,r,n,i){return i+"@nr=0-1-"+r+"-"+n+"-"+e+"----"+t}generateTraceHeader(e,t,r,n,i,o){if(!("function"==typeof l._A?.btoa))return null;var a={v:[0,1],d:{ty:"Browser",ac:n,ap:i,id:e,tr:t,ti:r}};return o&&n!==o&&(a.d.tk=o),btoa((0,_.P)(a))}shouldGenerateTrace(e){return this.isDtEnabled()&&this.isAllowedOrigin(e)}isAllowedOrigin(e){var t=!1,r={};if((0,n.Mt)(this.agentIdentifier,"distributed_tracing")&&(r=(0,n.P_)(this.agentIdentifier).distributed_tracing),e.sameOrigin)t=!0;else if(r.allowed_origins instanceof Array)for(var i=0;i<r.allowed_origins.length;i++){var o=(0,U.e)(r.allowed_origins[i]);if(e.hostname===o.hostname&&e.protocol===o.protocol&&e.port===o.port){t=!0;break}}return t}isDtEnabled(){var e=(0,n.Mt)(this.agentIdentifier,"distributed_tracing");return!!e&&!!e.enabled}excludeNewrelicHeader(){var e=(0,n.Mt)(this.agentIdentifier,"distributed_tracing");return!!e&&!!e.exclude_newrelic_header}useNewrelicHeaderForCors(){var e=(0,n.Mt)(this.agentIdentifier,"distributed_tracing");return!!e&&!1!==e.cors_use_newrelic_header}useTraceContextHeadersForCors(){var e=(0,n.Mt)(this.agentIdentifier,"distributed_tracing");return!!e&&!!e.cors_use_tracecontext_headers}}var V=i(7825),q=["load","error","abort","timeout"],G=q.length,W=n.Yu.REQ,X=n.Yu.XHR;class Y extends f{static featureName=V.t;constructor(e,t){let i=!(arguments.length>2&&void 0!==arguments[2])||arguments[2];if(super(e,t,V.t,i),(0,n.OP)(e).xhrWrappable){this.dt=new Z(e),this.handler=(e,t,r,n)=>(0,T.p)(e,t,r,n,this.ee);try{const e={xmlhttprequest:"xhr",fetch:"fetch",beacon:"beacon"};l._A?.performance?.getEntriesByType("resource").forEach((t=>{if(t.initiatorType in e&&0!==t.responseStatus){const n={status:t.responseStatus},i={rxSize:t.transferSize,duration:Math.floor(t.duration),cbTime:0};K(n,t.name),this.handler("xhr",[n,i,t.startTime,t.responseEnd,e[t.initiatorType]],void 0,r.D.ajax)}}))}catch(e){}(0,B.u5)(this.ee),(0,B.Kf)(this.ee),function(e,t,i,o){function a(e){var t=this;t.totalCbs=0,t.called=0,t.cbTime=0,t.end=x,t.ended=!1,t.xhrGuids={},t.lastSize=null,t.loadCaptureCalled=!1,t.params=this.params||{},t.metrics=this.metrics||{},e.addEventListener("load",(function(r){E(t,e)}),(0,D.m$)(!1)),l.IF||e.addEventListener("progress",(function(e){t.lastSize=e.loaded}),(0,D.m$)(!1))}function s(e){this.params={method:e[0]},K(this,e[1]),this.metrics={}}function c(t,r){var i=(0,n.DL)(e);i.xpid&&this.sameOrigin&&r.setRequestHeader("X-NewRelic-ID",i.xpid);var a=o.generateTracePayload(this.parsedOrigin);if(a){var s=!1;a.newrelicHeader&&(r.setRequestHeader("newrelic",a.newrelicHeader),s=!0),a.traceContextParentHeader&&(r.setRequestHeader("traceparent",a.traceContextParentHeader),a.traceContextStateHeader&&r.setRequestHeader("tracestate",a.traceContextStateHeader),s=!0),s&&(this.dt=a)}}function u(e,r){var n=this.metrics,i=e[0],o=this;if(n&&i){var a=F(i);a&&(n.txSize=a)}this.startTime=(0,j.z)(),this.body=i,this.listener=function(e){try{"abort"!==e.type||o.loadCaptureCalled||(o.params.aborted=!0),("load"!==e.type||o.called===o.totalCbs&&(o.onloadCalled||"function"!=typeof r.onload)&&"function"==typeof o.end)&&o.end(r)}catch(e){try{t.emit("internal-error",[e])}catch(e){}}};for(var s=0;s<G;s++)r.addEventListener(q[s],this.listener,(0,D.m$)(!1))}function d(e,t,r){this.cbTime+=e,t?this.onloadCalled=!0:this.called+=1,this.called!==this.totalCbs||!this.onloadCalled&&"function"==typeof r.onload||"function"!=typeof this.end||this.end(r)}function f(e,t){var r=""+M(e)+!!t;this.xhrGuids&&!this.xhrGuids[r]&&(this.xhrGuids[r]=!0,this.totalCbs+=1)}function h(e,t){var r=""+M(e)+!!t;this.xhrGuids&&this.xhrGuids[r]&&(delete this.xhrGuids[r],this.totalCbs-=1)}function p(){this.endTime=(0,j.z)()}function g(e,r){r instanceof X&&"load"===e[0]&&t.emit("xhr-load-added",[e[1],e[2]],r)}function m(e,r){r instanceof X&&"load"===e[0]&&t.emit("xhr-load-removed",[e[1],e[2]],r)}function v(e,t,r){t instanceof X&&("onload"===r&&(this.onload=!0),("load"===(e[0]&&e[0].type)||this.onload)&&(this.xhrCbStart=(0,j.z)()))}function b(e,r){this.xhrCbStart&&t.emit("xhr-cb-time",[(0,j.z)()-this.xhrCbStart,this.onload,r],r)}function y(e){var t,r=e[1]||{};if("string"==typeof e[0]?0===(t=e[0]).length&&l.il&&(t=""+l._A.location.href):e[0]&&e[0].url?t=e[0].url:l._A?.URL&&e[0]&&e[0]instanceof URL?t=e[0].href:"function"==typeof e[0].toString&&(t=e[0].toString()),"string"==typeof t&&0!==t.length){t&&(this.parsedOrigin=(0,U.e)(t),this.sameOrigin=this.parsedOrigin.sameOrigin);var n=o.generateTracePayload(this.parsedOrigin);if(n&&(n.newrelicHeader||n.traceContextParentHeader))if(e[0]&&e[0].headers)s(e[0].headers,n)&&(this.dt=n);else{var i={};for(var a in r)i[a]=r[a];i.headers=new Headers(r.headers||{}),s(i.headers,n)&&(this.dt=n),e.length>1?e[1]=i:e.push(i)}}function s(e,t){var r=!1;return t.newrelicHeader&&(e.set("newrelic",t.newrelicHeader),r=!0),t.traceContextParentHeader&&(e.set("traceparent",t.traceContextParentHeader),t.traceContextStateHeader&&e.set("tracestate",t.traceContextStateHeader),r=!0),r}}function A(e,t){this.params={},this.metrics={},this.startTime=(0,j.z)(),this.dt=t,e.length>=1&&(this.target=e[0]),e.length>=2&&(this.opts=e[1]);var r,n=this.opts||{},i=this.target;"string"==typeof i?r=i:"object"==typeof i&&i instanceof W?r=i.url:l._A?.URL&&"object"==typeof i&&i instanceof URL&&(r=i.href),K(this,r);var o=(""+(i&&i instanceof W&&i.method||n.method||"GET")).toUpperCase();this.params.method=o,this.body=n.body,this.txSize=F(n.body)||0}function w(e,t){var n;this.endTime=(0,j.z)(),this.params||(this.params={}),this.params.status=t?t.status:0,"string"==typeof this.rxSize&&this.rxSize.length>0&&(n=+this.rxSize);var o={txSize:this.txSize,rxSize:n,duration:(0,j.z)()-this.startTime};i("xhr",[this.params,o,this.startTime,this.endTime,"fetch"],this,r.D.ajax)}function x(e){var t=this.params,n=this.metrics;if(!this.ended){this.ended=!0;for(var o=0;o<G;o++)e.removeEventListener(q[o],this.listener,!1);t.aborted||(n.duration=(0,j.z)()-this.startTime,this.loadCaptureCalled||4!==e.readyState?null==t.status&&(t.status=0):E(this,e),n.cbTime=this.cbTime,i("xhr",[t,n,this.startTime,this.endTime,"xhr"],this,r.D.ajax))}}function E(e,t){e.params.status=t.status;var r=function(e,t){var r=e.responseType;return"json"===r&&null!==t?t:"arraybuffer"===r||"blob"===r||"json"===r?F(e.response):"text"===r||""===r||void 0===r?F(e.responseText):void 0}(t,e.lastSize);if(r&&(e.metrics.rxSize=r),e.sameOrigin){var n=t.getResponseHeader("X-NewRelic-App-Data");n&&(e.params.cat=n.split(", ").pop())}e.loadCaptureCalled=!0}t.on("new-xhr",a),t.on("open-xhr-start",s),t.on("open-xhr-end",c),t.on("send-xhr-start",u),t.on("xhr-cb-time",d),t.on("xhr-load-added",f),t.on("xhr-load-removed",h),t.on("xhr-resolved",p),t.on("addEventListener-end",g),t.on("removeEventListener-end",m),t.on("fn-end",b),t.on("fetch-before-start",y),t.on("fetch-start",A),t.on("fn-start",v),t.on("fetch-done",w)}(e,this.ee,this.handler,this.dt),this.importAggregator()}}}function K(e,t){var r=(0,U.e)(t),n=e.params||e;n.hostname=r.hostname,n.port=r.port,n.protocol=r.protocol,n.host=r.hostname+":"+r.port,n.pathname=r.pathname,e.parsedOrigin=r,e.sameOrigin=r.sameOrigin}var Q=i(3614);const{BST_RESOURCE:J,RESOURCE:ee,START:te,END:re,FEATURE_NAME:ne,FN_END:ie,FN_START:oe,PUSH_STATE:ae}=Q;var se=i(7144);class ce extends f{static featureName=se.t;constructor(e,t){let r=!(arguments.length>2&&void 0!==arguments[2])||arguments[2];super(e,t,se.t,r),this.importAggregator()}}var ue=i(7836);const{FEATURE_NAME:de,START:le,END:fe,BODY:he,CB_END:pe,JS_TIME:ge,FETCH:me,FN_START:ve,CB_START:be,FN_END:ye}=ue;var Ae=i(4649);class we extends f{static featureName=Ae.t;constructor(e,t){let r=!(arguments.length>2&&void 0!==arguments[2])||arguments[2];super(e,t,Ae.t,r),this.importAggregator()}}new class extends t{constructor(t){let r=arguments.length>1&&void 0!==arguments[1]?arguments[1]:(0,E.ky)(16);super(),l._A?(this.agentIdentifier=r,this.sharedAggregator=new v({agentIdentifier:this.agentIdentifier}),this.features={},(0,x.h5)(r,this),this.desiredFeatures=new Set(t.features||[]),this.desiredFeatures.add(p),(0,s.j)(this,t,t.loaderType||"agent"),this.run()):(0,e.Z)("Failed to initial the agent. Could not determine the runtime environment.")}get config(){return{info:(0,n.C5)(this.agentIdentifier),init:(0,n.P_)(this.agentIdentifier),loader_config:(0,n.DL)(this.agentIdentifier),runtime:(0,n.OP)(this.agentIdentifier)}}run(){try{const t=a(this.agentIdentifier),n=[...this.desiredFeatures];n.sort(((e,t)=>r.p[e.featureName]-r.p[t.featureName])),n.forEach((n=>{if(t[n.featureName]||n.featureName===r.D.pageViewEvent){const i=function(e){switch(e){case r.D.ajax:return[r.D.jserrors];case r.D.sessionTrace:return[r.D.ajax,r.D.pageViewEvent];case r.D.sessionReplay:return[r.D.sessionTrace];case r.D.pageViewTiming:return[r.D.pageViewEvent];default:return[]}}(n.featureName);i.every((e=>t[e]))||(0,e.Z)("".concat(n.featureName," is enabled but one or more dependent features has been disabled (").concat((0,_.P)(i),"). This may cause unintended consequences or missing data...")),this.features[n.featureName]=new n(this.agentIdentifier,this.sharedAggregator)}}))}catch(t){(0,e.Z)("Failed to initialize all enabled instrument classes (agent aborted) -",t);for(const e in this.features)this.features[e].abortHandler?.();const r=(0,x.fP)();return delete r.initializedAgents[this.agentIdentifier]?.api,delete r.initializedAgents[this.agentIdentifier]?.features,delete this.sharedAggregator,r.ee?.abort(),delete r.ee?.get(this.agentIdentifier),!1}}addToTrace(t){(0,e.Z)("Call to agent api addToTrace failed. The session trace feature is not currently initialized.")}setCurrentRouteName(t){(0,e.Z)("Call to agent api setCurrentRouteName failed. The spa feature is not currently initialized.")}interaction(){(0,e.Z)("Call to agent api interaction failed. The spa feature is not currently initialized.")}}({features:[Y,p,C,class extends f{static featureName=ne;constructor(e,t){if(super(e,t,ne,!(arguments.length>2&&void 0!==arguments[2])||arguments[2]),!l.il)return;const n=this.ee;let i;(0,B.QU)(n),this.eventsEE=(0,B.em)(n),this.eventsEE.on(oe,(function(e,t){this.bstStart=(0,j.z)()})),this.eventsEE.on(ie,(function(e,t){(0,T.p)("bst",[e[0],t,this.bstStart,(0,j.z)()],void 0,r.D.sessionTrace,n)})),n.on(ae+te,(function(e){this.time=(0,j.z)(),this.startPath=location.pathname+location.hash})),n.on(ae+re,(function(e){(0,T.p)("bstHist",[location.pathname+location.hash,this.startPath,this.time],void 0,r.D.sessionTrace,n)}));try{i=new PerformanceObserver((e=>{const t=e.getEntries();(0,T.p)(J,[t],void 0,r.D.sessionTrace,n)})),i.observe({type:ee,buffered:!0})}catch(e){}this.importAggregator({resourceObserver:i})}},ce,O,we,k,class extends f{static featureName=de;constructor(e,t){if(super(e,t,de,!(arguments.length>2&&void 0!==arguments[2])||arguments[2]),!l.il)return;if(!(0,n.OP)(e).xhrWrappable)return;try{this.removeOnAbort=new AbortController}catch(e){}let r,i=0;const o=this.ee.get("tracer"),a=(0,B._L)(this.ee),s=(0,B.Lg)(this.ee),c=(0,B.BV)(this.ee),u=(0,B.Kf)(this.ee),d=this.ee.get("events"),f=(0,B.u5)(this.ee),h=(0,B.QU)(this.ee),p=(0,B.Gm)(this.ee);function g(e,t){h.emit("newURL",[""+window.location,t])}function m(){i++,r=window.location.hash,this[ve]=(0,j.z)()}function v(){i--,window.location.hash!==r&&g(0,!0);var e=(0,j.z)();this[ge]=~~this[ge]+e-this[ve],this[ye]=e}function b(e,t){e.on(t,(function(){this[t]=(0,j.z)()}))}this.ee.on(ve,m),s.on(be,m),a.on(be,m),this.ee.on(ye,v),s.on(pe,v),a.on(pe,v),this.ee.buffer([ve,ye,"xhr-resolved"],this.featureName),d.buffer([ve],this.featureName),c.buffer(["setTimeout"+fe,"clearTimeout"+le,ve],this.featureName),u.buffer([ve,"new-xhr","send-xhr"+le],this.featureName),f.buffer([me+le,me+"-done",me+he+le,me+he+fe],this.featureName),h.buffer(["newURL"],this.featureName),p.buffer([ve],this.featureName),s.buffer(["propagate",be,pe,"executor-err","resolve"+le],this.featureName),o.buffer([ve,"no-"+ve],this.featureName),a.buffer(["new-jsonp","cb-start","jsonp-error","jsonp-end"],this.featureName),b(f,me+le),b(f,me+"-done"),b(a,"new-jsonp"),b(a,"jsonp-end"),b(a,"cb-start"),h.on("pushState-end",g),h.on("replaceState-end",g),window.addEventListener("hashchange",g,(0,D.m$)(!0,this.removeOnAbort?.signal)),window.addEventListener("load",g,(0,D.m$)(!0,this.removeOnAbort?.signal)),window.addEventListener("popstate",(function(){g(0,i>1)}),(0,D.m$)(!0,this.removeOnAbort?.signal)),this.abortHandler=this.#i,this.importAggregator()}#i(){this.removeOnAbort?.abort(),this.abortHandler=void 0}}],loaderType:"spa"})})()})();</script><script nonce="N2JjZTJkODQtNDJkMi00NWYyLWEyYTEtMmE0ZjdjZmNkZjMx">window.dataLayer = window.dataLayer || [];</script><script data-test="gtm-loaded" nonce="N2JjZTJkODQtNDJkMi00NWYyLWEyYTEtMmE0ZjdjZmNkZjMx">window.gtmLoaded = true;</script><script data-test="gtm-snippet" nonce="N2JjZTJkODQtNDJkMi00NWYyLWEyYTEtMmE0ZjdjZmNkZjMx">(function(w,d,s,l){w[l]=w[l]||[];w[l].push({'gtm.start': Date.now(),event: 'gtm.js'});var f=d.getElementsByTagName(s)[0],j=d.createElement(s),dl=l!='dataLayer'?'&l='+l:'';j.async=true;j.setAttribute('data-ot-ignore', '');j.setAttribute('class','optanon-category-C0001');j.src='https://online-analytics.ica.se/gtm.js?id=GTM-MCQKZQ3'+dl;f.parentNode.insertBefore(j,f);})(window,document,'script','dataLayer');</script><style type="text/css">
        :root {
            --alt-bop-heading-font-family: 'ICA Text Ny', sans-serif;--alt-bop-heading-font-weight: 400;--alt-product-price-font-family: 'ICA Rubrik', sans-serif;--alt-product-price-font-weight: 700;--border-radius: 0.21428571428571427rem;--button-action-background-color: #E13205;--button-action-border-color: #E13205;--button-action-color: #FFFFFF;--button-action-disabled-background-color: #EDEDED;--button-action-disabled-border-color: #EDEDED;--button-action-disabled-color: #BDBBB9;--button-action-disabled-opacity: 1;--button-action-hover-background-color: #F088B6;--button-action-hover-border-color: #F088B6;--button-action-hover-color: #FFFFFF;--button-action-light-background-color: #E13205;--button-action-light-border-color: #E13205;--button-action-light-color: #FFFFFF;--button-action-light-disabled-background-color: #EDEDED;--button-action-light-disabled-border-color: #EDEDED;--button-action-light-disabled-color: #BDBBB9;--button-action-light-disabled-opacity: 1;--button-action-light-hover-background-color: #F088B6;--button-action-light-hover-border-color: #F088B6;--button-action-light-hover-color: #FFFFFF;--button-counter-decrement-background-color: #FCECE7;--button-counter-decrement-border-color: #FCECE7;--button-counter-decrement-color: #CF2E05;--button-counter-decrement-disabled-background-color: #EDEDED;--button-counter-decrement-disabled-border-color: #EDEDED;--button-counter-decrement-disabled-color: #BDBBB9;--button-counter-decrement-disabled-opacity: 1;--button-counter-decrement-hover-background-color: #F088B6;--button-counter-decrement-hover-border-color: #F088B6;--button-counter-decrement-hover-color: #FFFFFF;--button-counter-increment-background-color: #E13205;--button-counter-increment-border-color: #E13205;--button-counter-increment-color: #FFFFFF;--button-counter-increment-disabled-background-color: #EDEDED;--button-counter-increment-disabled-border-color: #EDEDED;--button-counter-increment-disabled-color: #BDBBB9;--button-counter-increment-disabled-opacity: 1;--button-counter-increment-hover-background-color: #F088B6;--button-counter-increment-hover-border-color: #F088B6;--button-counter-increment-hover-color: #FFFFFF;--button-counter-quantity-border-color: #FCECE7;--button-primary-background-color: #FCECE7;--button-primary-border-color: #FCECE7;--button-primary-color: #CF2E05;--button-primary-disabled-background-color: #EDEDED;--button-primary-disabled-border-color: #EDEDED;--button-primary-disabled-color: #BDBBB9;--button-primary-disabled-opacity: 1;--button-primary-hover-background-color: #F088B6;--button-primary-hover-border-color: #F088B6;--button-primary-hover-color: #FFFFFF;--button-primary-light-background-color: #FCECE7;--button-primary-light-border-color: #FCECE7;--button-primary-light-color: #CF2E05;--button-primary-light-disabled-background-color: #EDEDED;--button-primary-light-disabled-border-color: #EDEDED;--button-primary-light-disabled-color: #BDBBB9;--button-primary-light-disabled-opacity: 1;--button-primary-light-hover-background-color: #F088B6;--button-primary-light-hover-border-color: #F088B6;--button-primary-light-hover-color: #FFFFFF;--button-secondary-background-color: #FCECE7;--button-secondary-border-color: #FCECE7;--button-secondary-color: #CF2E05;--button-secondary-disabled-background-color: #EDEDED;--button-secondary-disabled-border-color: #EDEDED;--button-secondary-disabled-color: #BDBBB9;--button-secondary-disabled-opacity: 1;--button-secondary-hover-background-color: #F088B6;--button-secondary-hover-border-color: #F088B6;--button-secondary-hover-color: #FFFFFF;--button-secondary-light-background-color: #FCECE7;--button-secondary-light-border-color: #FCECE7;--button-secondary-light-color: #CF2E05;--button-secondary-light-disabled-background-color: #EDEDED;--button-secondary-light-disabled-border-color: #EDEDED;--button-secondary-light-disabled-color: #BDBBB9;--button-secondary-light-disabled-opacity: 1;--button-secondary-light-hover-background-color: #F088B6;--button-secondary-light-hover-border-color: #F088B6;--button-secondary-light-hover-color: #FFFFFF;--font-family: 'ICA Text Ny', sans-serif;--header-color-scheme: secondary;--header-secondary-bottom-bar-background-color: #ffffff;--header-secondary-top-bar-background-color: #ffffff;--heading-font-family: 'ICA Rubrik', sans-serif;--intent-action-100: #fbdeb2;--intent-action-200: #f9c87f;--intent-action-300: #f6b24c;--intent-action-400: #f4a126;--intent-action-50: #fdf1e0;--intent-action-600: #f18800;--intent-action-700: #ef7e00;--intent-action-800: #ed7400;--intent-action-900: #ea6100;--intent-action: #F39100;--intent-content-100: #c3c3c3;--intent-content-200: #9c9c9c;--intent-content-300: #757575;--intent-content-400: #575757;--intent-content-50: #e7e7e7;--intent-content-600: #343434;--intent-content-700: #2c2c2c;--intent-content-800: #252525;--intent-content-900: #181818;--intent-content: #3a3a3a;--intent-contrast-100: #fff;--intent-contrast-200: #fff;--intent-contrast-300: #fff;--intent-contrast-400: #fff;--intent-contrast-50: #fff;--intent-contrast-600: #fff;--intent-contrast-700: #fff;--intent-contrast-800: #fff;--intent-contrast-900: #fff;--intent-contrast: #fff;--intent-error-100: #f5b2b5;--intent-error-200: #ef7f84;--intent-error-300: #e84c52;--intent-error-400: #e3262d;--intent-error-50: #fbe0e1;--intent-error-600: #db0007;--intent-error-700: #d60006;--intent-error-800: #d20004;--intent-error-900: #ca0002;--intent-error: #DF0009;--intent-primary-100: #f6c1b4;--intent-primary-200: #f09882;--intent-primary-300: #ea6f50;--intent-primary-400: #e5502a;--intent-primary-50: #fbe6e1;--intent-primary-600: #dd2c04;--intent-primary-700: #d82503;--intent-primary-800: #d41f02;--intent-primary-900: #cc1301;--intent-primary: #E13205;--intent-promotion-100: #f0c0b4;--intent-promotion-200: #e79682;--intent-promotion-300: #dd6c50;--intent-promotion-400: #d64d2a;--intent-promotion-50: #f9e5e1;--intent-promotion-600: #c92904;--intent-promotion-700: #c32203;--intent-promotion-800: #bd1c02;--intent-promotion-900: #b11101;--intent-promotion: #CF2E05;--intent-secondary-100: #fef9f7;--intent-secondary-200: #fdf5f3;--intent-secondary-300: #fcf1ee;--intent-secondary-400: #fceeea;--intent-secondary-50: #fefcfc;--intent-secondary-600: #fbe9e4;--intent-secondary-700: #fbe6e0;--intent-secondary-800: #fae3dc;--intent-secondary-900: #f9ded6;--intent-secondary: #FCECE7;--intent-success-100: #b2dfc3;--intent-success-200: #7fcb9b;--intent-success-300: #4cb673;--intent-success-400: #26a655;--intent-success-50: #e0f2e7;--intent-success-600: #008e32;--intent-success-700: #00842a;--intent-success-800: #007a23;--intent-success-900: #006817;--intent-success: #009738;--intent-utility-100: #f9f9f9;--intent-utility-200: #f6f6f6;--intent-utility-300: #f2f2f2;--intent-utility-400: #efefef;--intent-utility-50: #fcfcfc;--intent-utility-600: #eaeaea;--intent-utility-700: #e7e7e7;--intent-utility-800: #e5e5e5;--intent-utility-900: #e0e0e0;--intent-utility: #EDEDED;--intent-warning-100: #fbdeb2;--intent-warning-200: #f9c87f;--intent-warning-300: #f6b24c;--intent-warning-400: #f4a126;--intent-warning-50: #fdf1e0;--intent-warning-600: #f18800;--intent-warning-700: #ef7e00;--intent-warning-800: #ed7400;--intent-warning-900: #ea6100;--intent-warning: #F39100;--logo-default-height: 38;--logo-default-width: 86;--logo-small-height: 43;--logo-small-width: 75;--salt-button-border-radius: var(--border-radius, 0.21428571428571427rem);--salt-button-primary-background-color: var(--button-primary-background-color, var(--intent-primary));--salt-button-primary-border-color: var(--button-primary-border-color, var(--intent-primary-800));--salt-button-primary-color: var(--button-primary-color, #fff);--salt-button-primary-hover-background-color: var(--button-primary-hover-background-color, var(--intent-primary-900));--salt-button-primary-hover-border-color: var(--button-primary-hover-border-color, var(--intent-primary-900));--salt-button-primary-hover-color: var(--button-primary-hover-color, #fff);--salt-button-primary-disabled-background-color: var(--button-primary-disabled-background-color, var(--intent-primary-50));--salt-button-primary-disabled-border-color: var(--button-primary-disabled-border-color, var(--intent-primary-300));--salt-button-primary-disabled-color: var(--button-primary-disabled-color, #9c9c9c);--salt-button-primary-light-background-color: var(--button-primary-light-background-color, var(--intent-contrast));--salt-button-primary-light-border-color: var(--button-primary-light-border-color, var(--intent-primary-800));--salt-button-primary-light-color: var(--button-primary-light-color, var(--intent-content));--salt-button-primary-light-hover-background-color: var(--button-primary-light-hover-background-color, var(--intent-primary-900));--salt-button-primary-light-hover-border-color: var(--button-primary-light-hover-border-color, var(--intent-primary-900));--salt-button-primary-light-hover-color: var(--button-primary-light-hover-color, #fff);--salt-button-primary-light-disabled-background-color: var(--button-primary-light-disabled-background-color, var(--intent-contrast));--salt-button-primary-light-disabled-border-color: var(--button-primary-light-disabled-border-color, var(--intent-primary-200));--salt-button-primary-light-disabled-color: var(--button-primary-light-disabled-color, var(--intent-content-200));--salt-button-secondary-background-color: var(--button-secondary-background-color, var(--intent-secondary));--salt-button-secondary-border-color: var(--button-secondary-border-color, var(--intent-secondary-800));--salt-button-secondary-color: var(--button-secondary-color, #3a3a3a);--salt-button-secondary-hover-background-color: var(--button-secondary-hover-background-color, var(--intent-secondary-900));--salt-button-secondary-hover-border-color: var(--button-secondary-hover-border-color, var(--intent-secondary-900));--salt-button-secondary-hover-color: var(--button-secondary-hover-color, #3a3a3a);--salt-button-secondary-disabled-background-color: var(--button-secondary-disabled-background-color, var(--intent-secondary-50));--salt-button-secondary-disabled-border-color: var(--button-secondary-disabled-border-color, var(--intent-secondary-300));--salt-button-secondary-disabled-color: var(--button-secondary-disabled-color, #9c9c9c);--salt-button-secondary-light-background-color: var(--button-secondary-light-background-color, var(--intent-contrast));--salt-button-secondary-light-border-color: var(--button-secondary-light-border-color, var(--intent-secondary-800));--salt-button-secondary-light-color: var(--button-secondary-light-color, var(--intent-content));--salt-button-secondary-light-hover-background-color: var(--button-secondary-light-hover-background-color, var(--intent-secondary-900));--salt-button-secondary-light-hover-border-color: var(--button-secondary-light-hover-border-color, var(--intent-secondary-900));--salt-button-secondary-light-hover-color: var(--button-secondary-light-hover-color, #3a3a3a);--salt-button-secondary-light-disabled-background-color: var(--button-secondary-light-disabled-background-color, var(--intent-contrast));--salt-button-secondary-light-disabled-border-color: var(--button-secondary-light-disabled-border-color, var(--intent-secondary-200));--salt-button-secondary-light-disabled-color: var(--button-secondary-light-disabled-color, var(--intent-content-200));--salt-button-action-background-color: var(--button-action-background-color, var(--intent-action));--salt-button-action-border-color: var(--button-action-border-color, var(--intent-action-800));--salt-button-action-color: var(--button-action-color, #3a3a3a);--salt-button-action-hover-background-color: var(--button-action-hover-background-color, var(--intent-action-900));--salt-button-action-hover-border-color: var(--button-action-hover-border-color, var(--intent-action-900));--salt-button-action-hover-color: var(--button-action-hover-color, #fff);--salt-button-action-disabled-background-color: var(--button-action-disabled-background-color, var(--intent-action-50));--salt-button-action-disabled-border-color: var(--button-action-disabled-border-color, var(--intent-action-300));--salt-button-action-disabled-color: var(--button-action-disabled-color, #9c9c9c);--salt-button-action-light-background-color: var(--button-action-light-background-color, var(--intent-contrast));--salt-button-action-light-border-color: var(--button-action-light-border-color, var(--intent-action-800));--salt-button-action-light-color: var(--button-action-light-color, var(--intent-content));--salt-button-action-light-hover-background-color: var(--button-action-light-hover-background-color, var(--intent-action-900));--salt-button-action-light-hover-border-color: var(--button-action-light-hover-border-color, var(--intent-action-900));--salt-button-action-light-hover-color: var(--button-action-light-hover-color, #fff);--salt-button-action-light-disabled-background-color: var(--button-action-light-disabled-background-color, var(--intent-contrast));--salt-button-action-light-disabled-border-color: var(--button-action-light-disabled-border-color, var(--intent-action-200));--salt-button-action-light-disabled-color: var(--button-action-light-disabled-color, var(--intent-content-200));
        }
    </style><link rel="stylesheet" href="./ica_market_4_files/vendor.2c15811dc74af04c981b.css" type="text/css"><link rel="stylesheet" href="./ica_market_4_files/main.fbb750fd312778403036.css" type="text/css"><style data-styled="active" data-styled-version="5.2.3"></style><link rel="icon" type="image/x-icon" href="data:image/png;base64,iVBORw0KGgoAAAANSUhEUgAAACAAAAAgCAYAAABzenr0AAAAAXNSR0IArs4c6QAAAnZJREFUWAlj/A8EDAMImAbQbrDVow4YDYHREBgNAZwh8P/9B4a/j5+CMQOWsvLvoycMP/ceYPhz8zZGWfbv5SsMMZwCoKIYG3ifnvf/MQM3GP/78hWu5Nvq9f+fSavC5UBqXhpa/f//6zdEzZ+//1/qWfz/fekKXA8+Bs4QwObiT9WNDG9DYxj+Pn2GIs3u5MDAwMoCFvs6bxHDr0uXGT6UVqOowcnB5Tr0EPh5+Nj/J0y8YJ8/4RT5/6Gk6v+XmfP+v0vM+P/v3XuwMf8+f/n/TEIJHjo/du7FZTxcnAHOQmOgO+BtWBzEcqAjfh46iqYawv1Y2wy3HBw1wKj4//cfVrUwQaKj4NeZc+BQZDM3ZWCztcII0X/PXjB86Z2EIg6Kim8LlqCIoXOIdsD/Hz/Aehk5OdHNAPM/1jQy/Pv2Dczmq69igKn7WNvE8P/bd6x6QIJEO4DN2BBsyM/jJxn+3rmHYuCv46cYvi1cChZj1dFm4KutYOAtygXz/z57jhEyyJqJdgBXTARY3//v3xleO3szfFu8guH36XMMXyZMZXjjEcDw/98/sLzAhE6GP7fvMPzYuQduz+eufgacZQMsMaDT6IkQJP82NBYlkcHKCRj9obACbMwb31AMde/TctGtAPOJzgVg1cDCBpTSn7Dwo1jwhEP4/6e2nv//oQn+z937/8H4zr3/LzSNwWqfMPP9/331OoYjGEEi8LBCYvy5fJXhD7C4BQEOD1cGBmZEbIGC8xcw+P/cus3ALC3FwOHuwsAowI+kG8H8c/suUN0dsACLqjIDi5oKQhLIwukAFFU05CC8RUNL8Bk96oDREBgNgdEQAAC9TJLaH2AOkwAAAABJRU5ErkJggg=="><script src="./ica_market_4_files/vendor.7c0daa21f64cb08dfa33.js" defer=""></script><script src="./ica_market_4_files/manifest.c93f3d8ecb650a7588c9.js" defer=""></script><script src="./ica_market_4_files/main.c39c5dcf3ea7bb539c06.js" defer=""></script><script src="./ica_market_4_files/otBannerSdk.js" nonce="N2JjZTJkODQtNDJkMi00NWYyLWEyYTEtMmE0ZjdjZmNkZjMx" async="" type="text/javascript"></script><style id="onetrust-style">#onetrust-banner-sdk{-ms-text-size-adjust:100%;-webkit-text-size-adjust:100%}#onetrust-banner-sdk .onetrust-vendors-list-handler{cursor:pointer;color:#1f96db;font-size:inherit;font-weight:bold;text-decoration:none;margin-left:5px}#onetrust-banner-sdk .onetrust-vendors-list-handler:hover{color:#1f96db}#onetrust-banner-sdk:focus{outline:2px solid #000;outline-offset:-2px}#onetrust-banner-sdk a:focus{outline:2px solid #000}#onetrust-banner-sdk #onetrust-accept-btn-handler,#onetrust-banner-sdk #onetrust-reject-all-handler,#onetrust-banner-sdk #onetrust-pc-btn-handler{outline-offset:1px}#onetrust-banner-sdk .ot-close-icon,#onetrust-pc-sdk .ot-close-icon,#ot-sync-ntfy .ot-close-icon{background-image:url("data:image/svg+xml;base64,PHN2ZyB2ZXJzaW9uPSIxLjEiIHhtbG5zPSJodHRwOi8vd3d3LnczLm9yZy8yMDAwL3N2ZyIgeG1sbnM6eGxpbms9Imh0dHA6Ly93d3cudzMub3JnLzE5OTkveGxpbmsiIHg9IjBweCIgeT0iMHB4IiB3aWR0aD0iMzQ4LjMzM3B4IiBoZWlnaHQ9IjM0OC4zMzNweCIgdmlld0JveD0iMCAwIDM0OC4zMzMgMzQ4LjMzNCIgc3R5bGU9ImVuYWJsZS1iYWNrZ3JvdW5kOm5ldyAwIDAgMzQ4LjMzMyAzNDguMzM0OyIgeG1sOnNwYWNlPSJwcmVzZXJ2ZSI+PGc+PHBhdGggZmlsbD0iIzU2NTY1NiIgZD0iTTMzNi41NTksNjguNjExTDIzMS4wMTYsMTc0LjE2NWwxMDUuNTQzLDEwNS41NDljMTUuNjk5LDE1LjcwNSwxNS42OTksNDEuMTQ1LDAsNTYuODVjLTcuODQ0LDcuODQ0LTE4LjEyOCwxMS43NjktMjguNDA3LDExLjc2OWMtMTAuMjk2LDAtMjAuNTgxLTMuOTE5LTI4LjQxOS0xMS43NjlMMTc0LjE2NywyMzEuMDAzTDY4LjYwOSwzMzYuNTYzYy03Ljg0Myw3Ljg0NC0xOC4xMjgsMTEuNzY5LTI4LjQxNiwxMS43NjljLTEwLjI4NSwwLTIwLjU2My0zLjkxOS0yOC40MTMtMTEuNzY5Yy0xNS42OTktMTUuNjk4LTE1LjY5OS00MS4xMzksMC01Ni44NWwxMDUuNTQtMTA1LjU0OUwxMS43NzQsNjguNjExYy0xNS42OTktMTUuNjk5LTE1LjY5OS00MS4xNDUsMC01Ni44NDRjMTUuNjk2LTE1LjY4Nyw0MS4xMjctMTUuNjg3LDU2LjgyOSwwbDEwNS41NjMsMTA1LjU1NEwyNzkuNzIxLDExLjc2N2MxNS43MDUtMTUuNjg3LDQxLjEzOS0xNS42ODcsNTYuODMyLDBDMzUyLjI1OCwyNy40NjYsMzUyLjI1OCw1Mi45MTIsMzM2LjU1OSw2OC42MTF6Ii8+PC9nPjwvc3ZnPg==");background-size:contain;background-repeat:no-repeat;background-position:center;height:12px;width:12px}#onetrust-banner-sdk .powered-by-logo,#onetrust-banner-sdk .ot-pc-footer-logo a,#onetrust-pc-sdk .powered-by-logo,#onetrust-pc-sdk .ot-pc-footer-logo a,#ot-sync-ntfy .powered-by-logo,#ot-sync-ntfy .ot-pc-footer-logo a{background-size:contain;background-repeat:no-repeat;background-position:center;height:25px;width:152px;display:block;text-decoration:none;font-size:0.75em}#onetrust-banner-sdk .powered-by-logo:hover,#onetrust-banner-sdk .ot-pc-footer-logo a:hover,#onetrust-pc-sdk .powered-by-logo:hover,#onetrust-pc-sdk .ot-pc-footer-logo a:hover,#ot-sync-ntfy .powered-by-logo:hover,#ot-sync-ntfy .ot-pc-footer-logo a:hover{color:#565656}#onetrust-banner-sdk h3 *,#onetrust-banner-sdk h4 *,#onetrust-banner-sdk h6 *,#onetrust-banner-sdk button *,#onetrust-banner-sdk a[data-parent-id] *,#onetrust-pc-sdk h3 *,#onetrust-pc-sdk h4 *,#onetrust-pc-sdk h6 *,#onetrust-pc-sdk button *,#onetrust-pc-sdk a[data-parent-id] *,#ot-sync-ntfy h3 *,#ot-sync-ntfy h4 *,#ot-sync-ntfy h6 *,#ot-sync-ntfy button *,#ot-sync-ntfy a[data-parent-id] *{font-size:inherit;font-weight:inherit;color:inherit}#onetrust-banner-sdk .ot-hide,#onetrust-pc-sdk .ot-hide,#ot-sync-ntfy .ot-hide{display:none !important}#onetrust-pc-sdk .ot-sdk-row .ot-sdk-column{padding:0}#onetrust-pc-sdk .ot-sdk-container{padding-right:0}#onetrust-pc-sdk .ot-sdk-row{flex-direction:initial;width:100%}#onetrust-pc-sdk [type="checkbox"]:checked,#onetrust-pc-sdk [type="checkbox"]:not(:checked){pointer-events:initial}#onetrust-pc-sdk [type="checkbox"]:disabled+label::before,#onetrust-pc-sdk [type="checkbox"]:disabled+label:after,#onetrust-pc-sdk [type="checkbox"]:disabled+label{pointer-events:none;opacity:0.7}#onetrust-pc-sdk #vendor-list-content{transform:translate3d(0, 0, 0)}#onetrust-pc-sdk li input[type="checkbox"]{z-index:1}#onetrust-pc-sdk li .ot-checkbox label{z-index:2}#onetrust-pc-sdk li .ot-checkbox input[type="checkbox"]{height:auto;width:auto}#onetrust-pc-sdk li .host-title a,#onetrust-pc-sdk li .ot-host-name a,#onetrust-pc-sdk li .accordion-text,#onetrust-pc-sdk li .ot-acc-txt{z-index:2;position:relative}#onetrust-pc-sdk input{margin:3px 0.1ex}#onetrust-pc-sdk .pc-logo,#onetrust-pc-sdk .ot-pc-logo{height:60px;width:180px;background-position:center;background-size:contain;background-repeat:no-repeat}#onetrust-pc-sdk .screen-reader-only,#onetrust-pc-sdk .ot-scrn-rdr,.ot-sdk-cookie-policy .screen-reader-only,.ot-sdk-cookie-policy .ot-scrn-rdr{border:0;clip:rect(0 0 0 0);height:1px;margin:-1px;overflow:hidden;padding:0;position:absolute;width:1px}#onetrust-pc-sdk.ot-fade-in,.onetrust-pc-dark-filter.ot-fade-in,#onetrust-banner-sdk.ot-fade-in{animation-name:onetrust-fade-in;animation-duration:400ms;animation-timing-function:ease-in-out}#onetrust-pc-sdk.ot-hide{display:none !important}.onetrust-pc-dark-filter.ot-hide{display:none !important}#ot-sdk-btn.ot-sdk-show-settings,#ot-sdk-btn.optanon-show-settings{color:#68b631;border:1px solid #68b631;height:auto;white-space:normal;word-wrap:break-word;padding:0.8em 2em;font-size:0.8em;line-height:1.2;cursor:pointer;-moz-transition:0.1s ease;-o-transition:0.1s ease;-webkit-transition:1s ease;transition:0.1s ease}#ot-sdk-btn.ot-sdk-show-settings:hover,#ot-sdk-btn.optanon-show-settings:hover{color:#fff;background-color:#68b631}.onetrust-pc-dark-filter{background:rgba(0,0,0,0.5);z-index:2147483646;width:100%;height:100%;overflow:hidden;position:fixed;top:0;bottom:0;left:0}@keyframes onetrust-fade-in{0%{opacity:0}100%{opacity:1}}.ot-cookie-label{text-decoration:underline}@media only screen and (min-width: 426px) and (max-width: 896px) and (orientation: landscape){#onetrust-pc-sdk p{font-size:0.75em}}#onetrust-banner-sdk .banner-option-input:focus+label{outline:1px solid #000;outline-style:auto}.category-vendors-list-handler+a:focus,.category-vendors-list-handler+a:focus-visible{outline:2px solid #000}#onetrust-pc-sdk .ot-userid-title{margin-top:10px}#onetrust-pc-sdk .ot-userid-title>span,#onetrust-pc-sdk .ot-userid-timestamp>span{font-weight:700}#onetrust-pc-sdk .ot-userid-desc{font-style:italic}#onetrust-pc-sdk .ot-host-desc a{pointer-events:initial}#onetrust-pc-sdk .ot-ven-hdr>p a{position:relative;z-index:2;pointer-events:initial}
#onetrust-banner-sdk,#onetrust-pc-sdk,#ot-sdk-cookie-policy,#ot-sync-ntfy{font-size:16px}#onetrust-banner-sdk *,#onetrust-banner-sdk ::after,#onetrust-banner-sdk ::before,#onetrust-pc-sdk *,#onetrust-pc-sdk ::after,#onetrust-pc-sdk ::before,#ot-sdk-cookie-policy *,#ot-sdk-cookie-policy ::after,#ot-sdk-cookie-policy ::before,#ot-sync-ntfy *,#ot-sync-ntfy ::after,#ot-sync-ntfy ::before{-webkit-box-sizing:content-box;-moz-box-sizing:content-box;box-sizing:content-box}#onetrust-banner-sdk div,#onetrust-banner-sdk span,#onetrust-banner-sdk h1,#onetrust-banner-sdk h2,#onetrust-banner-sdk h3,#onetrust-banner-sdk h4,#onetrust-banner-sdk h5,#onetrust-banner-sdk h6,#onetrust-banner-sdk p,#onetrust-banner-sdk img,#onetrust-banner-sdk svg,#onetrust-banner-sdk button,#onetrust-banner-sdk section,#onetrust-banner-sdk a,#onetrust-banner-sdk label,#onetrust-banner-sdk input,#onetrust-banner-sdk ul,#onetrust-banner-sdk li,#onetrust-banner-sdk nav,#onetrust-banner-sdk table,#onetrust-banner-sdk thead,#onetrust-banner-sdk tr,#onetrust-banner-sdk td,#onetrust-banner-sdk tbody,#onetrust-banner-sdk .ot-main-content,#onetrust-banner-sdk .ot-toggle,#onetrust-banner-sdk #ot-content,#onetrust-banner-sdk #ot-pc-content,#onetrust-banner-sdk .checkbox,#onetrust-pc-sdk div,#onetrust-pc-sdk span,#onetrust-pc-sdk h1,#onetrust-pc-sdk h2,#onetrust-pc-sdk h3,#onetrust-pc-sdk h4,#onetrust-pc-sdk h5,#onetrust-pc-sdk h6,#onetrust-pc-sdk p,#onetrust-pc-sdk img,#onetrust-pc-sdk svg,#onetrust-pc-sdk button,#onetrust-pc-sdk section,#onetrust-pc-sdk a,#onetrust-pc-sdk label,#onetrust-pc-sdk input,#onetrust-pc-sdk ul,#onetrust-pc-sdk li,#onetrust-pc-sdk nav,#onetrust-pc-sdk table,#onetrust-pc-sdk thead,#onetrust-pc-sdk tr,#onetrust-pc-sdk td,#onetrust-pc-sdk tbody,#onetrust-pc-sdk .ot-main-content,#onetrust-pc-sdk .ot-toggle,#onetrust-pc-sdk #ot-content,#onetrust-pc-sdk #ot-pc-content,#onetrust-pc-sdk .checkbox,#ot-sdk-cookie-policy div,#ot-sdk-cookie-policy span,#ot-sdk-cookie-policy h1,#ot-sdk-cookie-policy h2,#ot-sdk-cookie-policy h3,#ot-sdk-cookie-policy h4,#ot-sdk-cookie-policy h5,#ot-sdk-cookie-policy h6,#ot-sdk-cookie-policy p,#ot-sdk-cookie-policy img,#ot-sdk-cookie-policy svg,#ot-sdk-cookie-policy button,#ot-sdk-cookie-policy section,#ot-sdk-cookie-policy a,#ot-sdk-cookie-policy label,#ot-sdk-cookie-policy input,#ot-sdk-cookie-policy ul,#ot-sdk-cookie-policy li,#ot-sdk-cookie-policy nav,#ot-sdk-cookie-policy table,#ot-sdk-cookie-policy thead,#ot-sdk-cookie-policy tr,#ot-sdk-cookie-policy td,#ot-sdk-cookie-policy tbody,#ot-sdk-cookie-policy .ot-main-content,#ot-sdk-cookie-policy .ot-toggle,#ot-sdk-cookie-policy #ot-content,#ot-sdk-cookie-policy #ot-pc-content,#ot-sdk-cookie-policy .checkbox,#ot-sync-ntfy div,#ot-sync-ntfy span,#ot-sync-ntfy h1,#ot-sync-ntfy h2,#ot-sync-ntfy h3,#ot-sync-ntfy h4,#ot-sync-ntfy h5,#ot-sync-ntfy h6,#ot-sync-ntfy p,#ot-sync-ntfy img,#ot-sync-ntfy svg,#ot-sync-ntfy button,#ot-sync-ntfy section,#ot-sync-ntfy a,#ot-sync-ntfy label,#ot-sync-ntfy input,#ot-sync-ntfy ul,#ot-sync-ntfy li,#ot-sync-ntfy nav,#ot-sync-ntfy table,#ot-sync-ntfy thead,#ot-sync-ntfy tr,#ot-sync-ntfy td,#ot-sync-ntfy tbody,#ot-sync-ntfy .ot-main-content,#ot-sync-ntfy .ot-toggle,#ot-sync-ntfy #ot-content,#ot-sync-ntfy #ot-pc-content,#ot-sync-ntfy .checkbox{font-family:inherit;font-weight:normal;-webkit-font-smoothing:auto;letter-spacing:normal;line-height:normal;padding:0;margin:0;height:auto;min-height:0;max-height:none;width:auto;min-width:0;max-width:none;border-radius:0;border:none;clear:none;float:none;position:static;bottom:auto;left:auto;right:auto;top:auto;text-align:left;text-decoration:none;text-indent:0;text-shadow:none;text-transform:none;white-space:normal;background:none;overflow:visible;vertical-align:baseline;visibility:visible;z-index:auto;box-shadow:none}#onetrust-banner-sdk label:before,#onetrust-banner-sdk label:after,#onetrust-banner-sdk .checkbox:after,#onetrust-banner-sdk .checkbox:before,#onetrust-pc-sdk label:before,#onetrust-pc-sdk label:after,#onetrust-pc-sdk .checkbox:after,#onetrust-pc-sdk .checkbox:before,#ot-sdk-cookie-policy label:before,#ot-sdk-cookie-policy label:after,#ot-sdk-cookie-policy .checkbox:after,#ot-sdk-cookie-policy .checkbox:before,#ot-sync-ntfy label:before,#ot-sync-ntfy label:after,#ot-sync-ntfy .checkbox:after,#ot-sync-ntfy .checkbox:before{content:"";content:none}
#onetrust-banner-sdk .ot-sdk-container,#onetrust-pc-sdk .ot-sdk-container,#ot-sdk-cookie-policy .ot-sdk-container{position:relative;width:100%;max-width:100%;margin:0 auto;padding:0 20px;box-sizing:border-box}#onetrust-banner-sdk .ot-sdk-column,#onetrust-banner-sdk .ot-sdk-columns,#onetrust-pc-sdk .ot-sdk-column,#onetrust-pc-sdk .ot-sdk-columns,#ot-sdk-cookie-policy .ot-sdk-column,#ot-sdk-cookie-policy .ot-sdk-columns{width:100%;float:left;box-sizing:border-box;padding:0;display:initial}@media (min-width: 400px){#onetrust-banner-sdk .ot-sdk-container,#onetrust-pc-sdk .ot-sdk-container,#ot-sdk-cookie-policy .ot-sdk-container{width:90%;padding:0}}@media (min-width: 550px){#onetrust-banner-sdk .ot-sdk-container,#onetrust-pc-sdk .ot-sdk-container,#ot-sdk-cookie-policy .ot-sdk-container{width:100%}#onetrust-banner-sdk .ot-sdk-column,#onetrust-banner-sdk .ot-sdk-columns,#onetrust-pc-sdk .ot-sdk-column,#onetrust-pc-sdk .ot-sdk-columns,#ot-sdk-cookie-policy .ot-sdk-column,#ot-sdk-cookie-policy .ot-sdk-columns{margin-left:4%}#onetrust-banner-sdk .ot-sdk-column:first-child,#onetrust-banner-sdk .ot-sdk-columns:first-child,#onetrust-pc-sdk .ot-sdk-column:first-child,#onetrust-pc-sdk .ot-sdk-columns:first-child,#ot-sdk-cookie-policy .ot-sdk-column:first-child,#ot-sdk-cookie-policy .ot-sdk-columns:first-child{margin-left:0}#onetrust-banner-sdk .ot-sdk-two.ot-sdk-columns,#onetrust-pc-sdk .ot-sdk-two.ot-sdk-columns,#ot-sdk-cookie-policy .ot-sdk-two.ot-sdk-columns{width:13.3333333333%}#onetrust-banner-sdk .ot-sdk-three.ot-sdk-columns,#onetrust-pc-sdk .ot-sdk-three.ot-sdk-columns,#ot-sdk-cookie-policy .ot-sdk-three.ot-sdk-columns{width:22%}#onetrust-banner-sdk .ot-sdk-four.ot-sdk-columns,#onetrust-pc-sdk .ot-sdk-four.ot-sdk-columns,#ot-sdk-cookie-policy .ot-sdk-four.ot-sdk-columns{width:30.6666666667%}#onetrust-banner-sdk .ot-sdk-eight.ot-sdk-columns,#onetrust-pc-sdk .ot-sdk-eight.ot-sdk-columns,#ot-sdk-cookie-policy .ot-sdk-eight.ot-sdk-columns{width:65.3333333333%}#onetrust-banner-sdk .ot-sdk-nine.ot-sdk-columns,#onetrust-pc-sdk .ot-sdk-nine.ot-sdk-columns,#ot-sdk-cookie-policy .ot-sdk-nine.ot-sdk-columns{width:74%}#onetrust-banner-sdk .ot-sdk-ten.ot-sdk-columns,#onetrust-pc-sdk .ot-sdk-ten.ot-sdk-columns,#ot-sdk-cookie-policy .ot-sdk-ten.ot-sdk-columns{width:82.6666666667%}#onetrust-banner-sdk .ot-sdk-eleven.ot-sdk-columns,#onetrust-pc-sdk .ot-sdk-eleven.ot-sdk-columns,#ot-sdk-cookie-policy .ot-sdk-eleven.ot-sdk-columns{width:91.3333333333%}#onetrust-banner-sdk .ot-sdk-twelve.ot-sdk-columns,#onetrust-pc-sdk .ot-sdk-twelve.ot-sdk-columns,#ot-sdk-cookie-policy .ot-sdk-twelve.ot-sdk-columns{width:100%;margin-left:0}}#onetrust-banner-sdk h1,#onetrust-banner-sdk h2,#onetrust-banner-sdk h3,#onetrust-banner-sdk h4,#onetrust-banner-sdk h5,#onetrust-banner-sdk h6,#onetrust-pc-sdk h1,#onetrust-pc-sdk h2,#onetrust-pc-sdk h3,#onetrust-pc-sdk h4,#onetrust-pc-sdk h5,#onetrust-pc-sdk h6,#ot-sdk-cookie-policy h1,#ot-sdk-cookie-policy h2,#ot-sdk-cookie-policy h3,#ot-sdk-cookie-policy h4,#ot-sdk-cookie-policy h5,#ot-sdk-cookie-policy h6{margin-top:0;font-weight:600;font-family:inherit}#onetrust-banner-sdk h1,#onetrust-pc-sdk h1,#ot-sdk-cookie-policy h1{font-size:1.5rem;line-height:1.2}#onetrust-banner-sdk h2,#onetrust-pc-sdk h2,#ot-sdk-cookie-policy h2{font-size:1.5rem;line-height:1.25}#onetrust-banner-sdk h3,#onetrust-pc-sdk h3,#ot-sdk-cookie-policy h3{font-size:1.5rem;line-height:1.3}#onetrust-banner-sdk h4,#onetrust-pc-sdk h4,#ot-sdk-cookie-policy h4{font-size:1.5rem;line-height:1.35}#onetrust-banner-sdk h5,#onetrust-pc-sdk h5,#ot-sdk-cookie-policy h5{font-size:1.5rem;line-height:1.5}#onetrust-banner-sdk h6,#onetrust-pc-sdk h6,#ot-sdk-cookie-policy h6{font-size:1.5rem;line-height:1.6}@media (min-width: 550px){#onetrust-banner-sdk h1,#onetrust-pc-sdk h1,#ot-sdk-cookie-policy h1{font-size:1.5rem}#onetrust-banner-sdk h2,#onetrust-pc-sdk h2,#ot-sdk-cookie-policy h2{font-size:1.5rem}#onetrust-banner-sdk h3,#onetrust-pc-sdk h3,#ot-sdk-cookie-policy h3{font-size:1.5rem}#onetrust-banner-sdk h4,#onetrust-pc-sdk h4,#ot-sdk-cookie-policy h4{font-size:1.5rem}#onetrust-banner-sdk h5,#onetrust-pc-sdk h5,#ot-sdk-cookie-policy h5{font-size:1.5rem}#onetrust-banner-sdk h6,#onetrust-pc-sdk h6,#ot-sdk-cookie-policy h6{font-size:1.5rem}}#onetrust-banner-sdk p,#onetrust-pc-sdk p,#ot-sdk-cookie-policy p{margin:0 0 1em 0;font-family:inherit;line-height:normal}#onetrust-banner-sdk a,#onetrust-pc-sdk a,#ot-sdk-cookie-policy a{color:#565656;text-decoration:underline}#onetrust-banner-sdk a:hover,#onetrust-pc-sdk a:hover,#ot-sdk-cookie-policy a:hover{color:#565656;text-decoration:none}#onetrust-banner-sdk .ot-sdk-button,#onetrust-banner-sdk button,#onetrust-pc-sdk .ot-sdk-button,#onetrust-pc-sdk button,#ot-sdk-cookie-policy .ot-sdk-button,#ot-sdk-cookie-policy button{margin-bottom:1rem;font-family:inherit}#onetrust-banner-sdk .ot-sdk-button,#onetrust-banner-sdk button,#onetrust-pc-sdk .ot-sdk-button,#onetrust-pc-sdk button,#ot-sdk-cookie-policy .ot-sdk-button,#ot-sdk-cookie-policy button{display:inline-block;height:38px;padding:0 30px;color:#555;text-align:center;font-size:0.9em;font-weight:400;line-height:38px;letter-spacing:0.01em;text-decoration:none;white-space:nowrap;background-color:transparent;border-radius:2px;border:1px solid #bbb;cursor:pointer;box-sizing:border-box}#onetrust-banner-sdk .ot-sdk-button:hover,#onetrust-banner-sdk :not(.ot-leg-btn-container)>button:hover,#onetrust-banner-sdk :not(.ot-leg-btn-container)>button:focus,#onetrust-pc-sdk .ot-sdk-button:hover,#onetrust-pc-sdk :not(.ot-leg-btn-container)>button:hover,#onetrust-pc-sdk :not(.ot-leg-btn-container)>button:focus,#ot-sdk-cookie-policy .ot-sdk-button:hover,#ot-sdk-cookie-policy :not(.ot-leg-btn-container)>button:hover,#ot-sdk-cookie-policy :not(.ot-leg-btn-container)>button:focus{color:#333;border-color:#888;opacity:0.7}#onetrust-banner-sdk .ot-sdk-button:focus,#onetrust-banner-sdk :not(.ot-leg-btn-container)>button:focus,#onetrust-pc-sdk .ot-sdk-button:focus,#onetrust-pc-sdk :not(.ot-leg-btn-container)>button:focus,#ot-sdk-cookie-policy .ot-sdk-button:focus,#ot-sdk-cookie-policy :not(.ot-leg-btn-container)>button:focus{outline:2px solid #000}#onetrust-banner-sdk .ot-sdk-button.ot-sdk-button-primary,#onetrust-banner-sdk button.ot-sdk-button-primary,#onetrust-banner-sdk input[type="submit"].ot-sdk-button-primary,#onetrust-banner-sdk input[type="reset"].ot-sdk-button-primary,#onetrust-banner-sdk input[type="button"].ot-sdk-button-primary,#onetrust-pc-sdk .ot-sdk-button.ot-sdk-button-primary,#onetrust-pc-sdk button.ot-sdk-button-primary,#onetrust-pc-sdk input[type="submit"].ot-sdk-button-primary,#onetrust-pc-sdk input[type="reset"].ot-sdk-button-primary,#onetrust-pc-sdk input[type="button"].ot-sdk-button-primary,#ot-sdk-cookie-policy .ot-sdk-button.ot-sdk-button-primary,#ot-sdk-cookie-policy button.ot-sdk-button-primary,#ot-sdk-cookie-policy input[type="submit"].ot-sdk-button-primary,#ot-sdk-cookie-policy input[type="reset"].ot-sdk-button-primary,#ot-sdk-cookie-policy input[type="button"].ot-sdk-button-primary{color:#fff;background-color:#33c3f0;border-color:#33c3f0}#onetrust-banner-sdk .ot-sdk-button.ot-sdk-button-primary:hover,#onetrust-banner-sdk button.ot-sdk-button-primary:hover,#onetrust-banner-sdk input[type="submit"].ot-sdk-button-primary:hover,#onetrust-banner-sdk input[type="reset"].ot-sdk-button-primary:hover,#onetrust-banner-sdk input[type="button"].ot-sdk-button-primary:hover,#onetrust-banner-sdk .ot-sdk-button.ot-sdk-button-primary:focus,#onetrust-banner-sdk button.ot-sdk-button-primary:focus,#onetrust-banner-sdk input[type="submit"].ot-sdk-button-primary:focus,#onetrust-banner-sdk input[type="reset"].ot-sdk-button-primary:focus,#onetrust-banner-sdk input[type="button"].ot-sdk-button-primary:focus,#onetrust-pc-sdk .ot-sdk-button.ot-sdk-button-primary:hover,#onetrust-pc-sdk button.ot-sdk-button-primary:hover,#onetrust-pc-sdk input[type="submit"].ot-sdk-button-primary:hover,#onetrust-pc-sdk input[type="reset"].ot-sdk-button-primary:hover,#onetrust-pc-sdk input[type="button"].ot-sdk-button-primary:hover,#onetrust-pc-sdk .ot-sdk-button.ot-sdk-button-primary:focus,#onetrust-pc-sdk button.ot-sdk-button-primary:focus,#onetrust-pc-sdk input[type="submit"].ot-sdk-button-primary:focus,#onetrust-pc-sdk input[type="reset"].ot-sdk-button-primary:focus,#onetrust-pc-sdk input[type="button"].ot-sdk-button-primary:focus,#ot-sdk-cookie-policy .ot-sdk-button.ot-sdk-button-primary:hover,#ot-sdk-cookie-policy button.ot-sdk-button-primary:hover,#ot-sdk-cookie-policy input[type="submit"].ot-sdk-button-primary:hover,#ot-sdk-cookie-policy input[type="reset"].ot-sdk-button-primary:hover,#ot-sdk-cookie-policy input[type="button"].ot-sdk-button-primary:hover,#ot-sdk-cookie-policy .ot-sdk-button.ot-sdk-button-primary:focus,#ot-sdk-cookie-policy button.ot-sdk-button-primary:focus,#ot-sdk-cookie-policy input[type="submit"].ot-sdk-button-primary:focus,#ot-sdk-cookie-policy input[type="reset"].ot-sdk-button-primary:focus,#ot-sdk-cookie-policy input[type="button"].ot-sdk-button-primary:focus{color:#fff;background-color:#1eaedb;border-color:#1eaedb}#onetrust-banner-sdk input[type="text"],#onetrust-pc-sdk input[type="text"],#ot-sdk-cookie-policy input[type="text"]{height:38px;padding:6px 10px;background-color:#fff;border:1px solid #d1d1d1;border-radius:4px;box-shadow:none;box-sizing:border-box}#onetrust-banner-sdk input[type="text"],#onetrust-pc-sdk input[type="text"],#ot-sdk-cookie-policy input[type="text"]{-webkit-appearance:none;-moz-appearance:none;appearance:none}#onetrust-banner-sdk input[type="text"]:focus,#onetrust-pc-sdk input[type="text"]:focus,#ot-sdk-cookie-policy input[type="text"]:focus{border:1px solid #000;outline:0}#onetrust-banner-sdk label,#onetrust-pc-sdk label,#ot-sdk-cookie-policy label{display:block;margin-bottom:0.5rem;font-weight:600}#onetrust-banner-sdk input[type="checkbox"],#onetrust-pc-sdk input[type="checkbox"],#ot-sdk-cookie-policy input[type="checkbox"]{display:inline}#onetrust-banner-sdk ul,#onetrust-pc-sdk ul,#ot-sdk-cookie-policy ul{list-style:circle inside}#onetrust-banner-sdk ul,#onetrust-pc-sdk ul,#ot-sdk-cookie-policy ul{padding-left:0;margin-top:0}#onetrust-banner-sdk ul ul,#onetrust-pc-sdk ul ul,#ot-sdk-cookie-policy ul ul{margin:1.5rem 0 1.5rem 3rem;font-size:90%}#onetrust-banner-sdk li,#onetrust-pc-sdk li,#ot-sdk-cookie-policy li{margin-bottom:1rem}#onetrust-banner-sdk th,#onetrust-banner-sdk td,#onetrust-pc-sdk th,#onetrust-pc-sdk td,#ot-sdk-cookie-policy th,#ot-sdk-cookie-policy td{padding:12px 15px;text-align:left;border-bottom:1px solid #e1e1e1}#onetrust-banner-sdk button,#onetrust-pc-sdk button,#ot-sdk-cookie-policy button{margin-bottom:1rem;font-family:inherit}#onetrust-banner-sdk .ot-sdk-container:after,#onetrust-banner-sdk .ot-sdk-row:after,#onetrust-pc-sdk .ot-sdk-container:after,#onetrust-pc-sdk .ot-sdk-row:after,#ot-sdk-cookie-policy .ot-sdk-container:after,#ot-sdk-cookie-policy .ot-sdk-row:after{content:"";display:table;clear:both}#onetrust-banner-sdk .ot-sdk-row,#onetrust-pc-sdk .ot-sdk-row,#ot-sdk-cookie-policy .ot-sdk-row{margin:0;max-width:none;display:block}
#onetrust-banner-sdk{box-shadow:0 0 18px rgba(0,0,0,.2)}#onetrust-banner-sdk.otCenterRounded{z-index:2147483645;top:10%;position:fixed;right:0;background-color:#fff;width:60%;max-width:650px;border-radius:2.5px;left:1em;margin:0 auto;font-size:14px;max-height:90%;overflow-x:hidden;overflow-y:auto}#onetrust-banner-sdk.otRelFont{font-size:.875rem}#onetrust-banner-sdk::-webkit-scrollbar{width:11px}#onetrust-banner-sdk::-webkit-scrollbar-thumb{border-radius:10px;background:#c1c1c1}#onetrust-banner-sdk{scrollbar-arrow-color:#c1c1c1;scrollbar-darkshadow-color:#c1c1c1;scrollbar-face-color:#c1c1c1;scrollbar-shadow-color:#c1c1c1}#onetrust-banner-sdk h3,#onetrust-banner-sdk p{color:dimgray}#onetrust-banner-sdk #onetrust-policy{margin-top:40px}#onetrust-banner-sdk #onetrust-policy-title{float:left;text-align:left;font-size:1em;line-height:1.4;margin-bottom:0;padding:0 0 10px 30px;width:calc(100% - 90px)}#onetrust-banner-sdk #onetrust-policy-text,#onetrust-banner-sdk .ot-b-addl-desc,#onetrust-banner-sdk .ot-gv-list-handler{clear:both;float:left;margin:0 30px 10px 30px;font-size:.813em;line-height:1.5}#onetrust-banner-sdk #onetrust-policy-text *,#onetrust-banner-sdk .ot-b-addl-desc *,#onetrust-banner-sdk .ot-gv-list-handler *{line-height:inherit;font-size:inherit;margin:0}#onetrust-banner-sdk .ot-gv-list-handler{padding:0;border:0;height:auto;width:auto}#onetrust-banner-sdk .ot-b-addl-desc{display:block}#onetrust-banner-sdk #onetrust-button-group-parent{padding:15px 30px;text-align:center}#onetrust-banner-sdk #onetrust-button-group-parent:not(.has-reject-all-button) #onetrust-button-group{text-align:right}#onetrust-banner-sdk #onetrust-button-group{text-align:center;display:inline-block;width:100%}#onetrust-banner-sdk #onetrust-reject-all-handler,#onetrust-banner-sdk #onetrust-pc-btn-handler{margin-right:1em}#onetrust-banner-sdk #onetrust-pc-btn-handler{border:1px solid #6cc04a;max-width:45%}#onetrust-banner-sdk .banner-actions-container{float:right;width:50%}#onetrust-banner-sdk #onetrust-pc-btn-handler.cookie-setting-link{background-color:#fff;border:none;color:#6cc04a;text-decoration:underline;padding-left:0;padding-right:0}#onetrust-banner-sdk #onetrust-accept-btn-handler,#onetrust-banner-sdk #onetrust-reject-all-handler,#onetrust-banner-sdk #onetrust-pc-btn-handler{background-color:#6cc04a;color:#fff;border-color:#6cc04a;min-width:135px;padding:12px 10px;letter-spacing:.05em;line-height:1.4;font-size:.813em;font-weight:600;height:auto;white-space:normal;word-break:break-word;word-wrap:break-word}#onetrust-banner-sdk .has-reject-all-button #onetrust-pc-btn-handler{float:left;max-width:calc(40% - 18px)}#onetrust-banner-sdk .has-reject-all-button #onetrust-pc-btn-handler.cookie-setting-link{text-align:left;margin-right:0}#onetrust-banner-sdk .has-reject-all-button .banner-actions-container{max-width:60%;width:auto}#onetrust-banner-sdk .ot-close-icon{width:44px;height:44px;background-size:12px;margin:-18px -18px 0 0;border:none;display:inline-block;padding:0}#onetrust-banner-sdk #onetrust-close-btn-container{position:absolute;right:24px;top:20px}#onetrust-banner-sdk .banner_logo{display:none}#onetrust-banner-sdk #banner-options{float:left;padding:0 30px;width:calc(100% - 90px)}#onetrust-banner-sdk .banner-option{margin-bottom:10px}#onetrust-banner-sdk .banner-option-input{cursor:pointer;width:auto;height:auto;border:none;padding:0;padding-right:3px;margin:0 0 6px;font-size:.82em;line-height:1.4}#onetrust-banner-sdk .banner-option-input *{pointer-events:none;font-size:inherit;line-height:inherit}#onetrust-banner-sdk .banner-option-input[aria-expanded=true] .ot-arrow-container{transform:rotate(90deg)}#onetrust-banner-sdk .banner-option-input[aria-expanded=true]~.banner-option-details{height:auto;display:block}#onetrust-banner-sdk .banner-option-header{cursor:pointer;display:inline-block}#onetrust-banner-sdk .banner-option-header :first-child{color:dimgray;font-weight:bold;float:left}#onetrust-banner-sdk .ot-arrow-container,#onetrust-banner-sdk .banner-option-details{transition:all 300ms ease-in 0s;-webkit-transition:all 300ms ease-in 0s;-moz-transition:all 300ms ease-in 0s;-o-transition:all 300ms ease-in 0s}#onetrust-banner-sdk .ot-arrow-container{display:inline-block;border-top:6px solid transparent;border-bottom:6px solid transparent;border-left:6px solid dimgray;margin-left:10px;vertical-align:middle}#onetrust-banner-sdk .banner-option-details{display:none;font-size:.83em;line-height:1.5;height:0px;padding:10px 10px 5px 10px}#onetrust-banner-sdk .banner-option-details *{font-size:inherit;line-height:inherit;color:dimgray}#onetrust-banner-sdk .ot-dpd-container{float:left;margin:0 30px 10px 30px}#onetrust-banner-sdk .ot-dpd-title{font-weight:bold;padding-bottom:10px}#onetrust-banner-sdk .ot-dpd-title{font-size:1em;line-height:1.4}#onetrust-banner-sdk .ot-dpd-desc{font-size:.813em;line-height:1.5;margin-bottom:0}#onetrust-banner-sdk .ot-dpd-desc *{margin:0}#onetrust-banner-sdk .onetrust-vendors-list-handler{display:block;margin-left:0px;margin-top:5px;padding:0;margin-bottom:0;border:0;line-height:normal;height:auto;width:auto}#onetrust-banner-sdk :not(.ot-dpd-desc)>.ot-b-addl-desc{float:left;margin:0 30px 10px 30px}#onetrust-banner-sdk .ot-dpd-desc>.ot-b-addl-desc{margin-top:10px;margin-bottom:10px;font-size:1em;line-height:1.5;float:none}#onetrust-banner-sdk #onetrust-policy-text a{font-weight:bold;margin-left:5px}#onetrust-banner-sdk.ot-close-btn-link #onetrust-close-btn-container{top:15px;transform:none;right:15px}#onetrust-banner-sdk.ot-close-btn-link #onetrust-close-btn-container button{padding:0;white-space:pre-wrap;border:none;height:auto;line-height:1.5;text-decoration:underline;font-size:.75em}#onetrust-banner-sdk.ot-close-btn-link.ot-wo-title #onetrust-group-container{margin-top:20px}@media only screen and (max-width: 425px){#onetrust-banner-sdk #onetrust-accept-btn-handler,#onetrust-banner-sdk #onetrust-reject-all-handler,#onetrust-banner-sdk #onetrust-pc-btn-handler{width:100%;margin-bottom:10px}#onetrust-banner-sdk #onetrust-pc-btn-handler,#onetrust-banner-sdk #onetrust-reject-all-handler{margin-right:0}#onetrust-banner-sdk .has-reject-all-button #onetrust-pc-btn-handler.cookie-setting-link{text-align:center}#onetrust-banner-sdk .banner-actions-container,#onetrust-banner-sdk #onetrust-pc-btn-handler{width:100%;max-width:none}#onetrust-banner-sdk.otCenterRounded{left:0;width:95%;top:50%;transform:translateY(-50%);-webkit-transform:translateY(-50%)}}@media only screen and (max-width: 600px){#onetrust-banner-sdk .ot-sdk-container{width:auto;padding:0}#onetrust-banner-sdk #onetrust-policy-title{padding:0 22px 10px 22px}#onetrust-banner-sdk #onetrust-policy-text,#onetrust-banner-sdk :not(.ot-dpd-desc)>.ot-b-addl-desc,#onetrust-banner-sdk .ot-dpd-container{margin:0 22px 10px 22px;width:calc(100% - 44px)}#onetrust-banner-sdk #onetrust-button-group-parent{padding:15px 22px}#onetrust-banner-sdk #banner-options{padding:0 22px;width:calc(100% - 44px)}#onetrust-banner-sdk .banner-option{margin-bottom:6px}#onetrust-banner-sdk .has-reject-all-button #onetrust-pc-btn-handler{float:none;max-width:100%}#onetrust-banner-sdk .has-reject-all-button .banner-actions-container{width:100%;text-align:center;max-width:100%}#onetrust-banner-sdk.ot-close-btn-link #onetrust-group-container{margin-top:20px}}@media only screen and (min-width: 426px)and (max-width: 896px){#onetrust-banner-sdk.otCenterRounded{left:0;top:15%;transform:translateY(-13%);-webkit-transform:translateY(-13%);max-width:600px;width:95%}}
        #onetrust-consent-sdk #onetrust-banner-sdk {background-color: #FFFFFF;}
            #onetrust-consent-sdk #onetrust-policy-title,
                    #onetrust-consent-sdk #onetrust-policy-text,
                    #onetrust-consent-sdk .ot-b-addl-desc,
                    #onetrust-consent-sdk .ot-dpd-desc,
                    #onetrust-consent-sdk .ot-dpd-title,
                    #onetrust-consent-sdk #onetrust-policy-text *:not(.onetrust-vendors-list-handler),
                    #onetrust-consent-sdk .ot-dpd-desc *:not(.onetrust-vendors-list-handler),
                    #onetrust-consent-sdk #onetrust-banner-sdk #banner-options *,
                    #onetrust-banner-sdk .ot-cat-header {
                        color: #3a3a3a;
                    }
            #onetrust-consent-sdk #onetrust-banner-sdk .banner-option-details {
                    background-color: #E9E9E9;}
             #onetrust-consent-sdk #onetrust-banner-sdk a[href],
                    #onetrust-consent-sdk #onetrust-banner-sdk a[href] font,
                    #onetrust-consent-sdk #onetrust-banner-sdk .ot-link-btn
                        {
                            color: #3860BE;
                        }#onetrust-consent-sdk #onetrust-accept-btn-handler,
                         #onetrust-banner-sdk #onetrust-reject-all-handler {
                            background-color: #e13209;border-color: #e13209;
                color: #f0cccc;
            }
            #onetrust-consent-sdk #onetrust-banner-sdk *:focus,
            #onetrust-consent-sdk #onetrust-banner-sdk:focus {
               outline-color: #000000;
               outline-width: 1px;
            }
            #onetrust-consent-sdk #onetrust-pc-btn-handler,
            #onetrust-consent-sdk #onetrust-pc-btn-handler.cookie-setting-link {
                color: #6CC04A; border-color: #6CC04A;
                background-color: 
                #FFFFFF;
            }.link, #onetrust-banner-sdk #onetrust-policy-text .icaot-link, #onetrust-consent-sdk #onetrust-pc-sdk .ot-main-content a.privacy-notice-link {
    color: #e13205;
    text-decoration: none;
    background-color: transparent;
    border: none;
    padding: 0;
    margin: 0;
    display: inline;
    cursor: pointer;
}

.link--bold {
    font-weight: bold;
}

.link--hover, .link:hover, #onetrust-banner-sdk #onetrust-policy-text .icaot-link:hover, #onetrust-consent-sdk #onetrust-pc-sdk .ot-main-content a.privacy-notice-link:hover {
    color: #f088b6;
}

.link--active, .link:active, #onetrust-banner-sdk #onetrust-policy-text .icaot-link:active, #onetrust-consent-sdk #onetrust-pc-sdk .ot-main-content a.privacy-notice-link:active {
    color: #9b0600;
    text-decoration: none;
}

.link--visited, .link:visited, #onetrust-banner-sdk #onetrust-policy-text .icaot-link:visited, #onetrust-consent-sdk #onetrust-pc-sdk .ot-main-content a.privacy-notice-link:visited {
    text-decoration: none;
}

.link--visited:hover, .link:visited:hover, #onetrust-banner-sdk #onetrust-policy-text .icaot-link:visited:hover, #onetrust-consent-sdk #onetrust-pc-sdk .ot-main-content a.privacy-notice-link:visited:hover {
    color: #f088b6;
}

.link--focus {
    outline: 2px solid #f088b6;
}

#onetrust-banner-sdk a:focus {
 outline: none !important;
}

.link--external i {
    position: relative;
    padding-right: 1.5em;
}

.link--external svg {
    position: absolute;
    height: 1.5em;
    width: 1.5em;
    top: auto;
    fill: #e13205;
}

#onetrust-banner-sdk #onetrust-pc-btn-handler {
    background-color: #fcece7 !important;
    color: #cf2e05 !important;
    fill: #e3000b !important;
    border: none !important;
    margin: 0 !important;
    width: 100% !important;
    max-width: 100% !important;
}

.link--external.link--hover svg {
    fill: #f088b6;
}

.link--external.link--active svg {
    fill: #9b0600;
}

.link--external.link--visited:hover svg {
    fill: #f088b6;
}

#onetrust-banner-sdk {
    /* ----------- iPhone 4 and 4S ----------- */
    /* Portrait and Landscape */
    /* Portrait */
    /* Landscape */
    /* ----------- iPhone 5, 5S, 5C and 5SE ----------- */
    /* Portrait and Landscape */
    /* Portrait */
    /* Landscape */
    /* ----------- iPhone 6, 6S, 7 and 8 ----------- */
    /* Portrait and Landscape */
    /* Portrait */
    /* Landscape */
    /* ----------- iPhone 6+, 7+ and 8+ ----------- */
    /* Portrait and Landscape */
    /* Portrait */
    /* Landscape */
    /* ----------- iPhone X ----------- */
    /* Portrait and Landscape */
    /* Portrait */
    /* Landscape */
}

@media only screen and (min-device-width: 320px) and (max-device-width: 480px) and (-webkit-min-device-pixel-ratio: 2) {
    #onetrust-banner-sdk {
        margin: auto !important;
        right: 0 !important;
    }
}

@media only screen and (min-device-width: 320px) and (max-device-width: 568px) and (-webkit-min-device-pixel-ratio: 2) {
    #onetrust-banner-sdk {
        margin: auto !important;
        right: 0 !important;
    }
}

@media only screen and (min-device-width: 375px) and (max-device-width: 667px) and (-webkit-min-device-pixel-ratio: 2) {
    #onetrust-banner-sdk {
        margin: auto !important;
        right: 0 !important;
    }
}

@media only screen and (min-device-width: 414px) and (max-device-width: 736px) and (-webkit-min-device-pixel-ratio: 3) {
    #onetrust-banner-sdk {
        margin: auto !important;
        right: 0 !important;
    }
}

@media only screen and (min-device-width: 375px) and (max-device-width: 812px) and (-webkit-min-device-pixel-ratio: 3) {
    #onetrust-banner-sdk {
        margin: auto !important;
        right: 0 !important;
    }
}

#onetrust-banner-sdk {
    border-radius: 4px;
    width: calc(100% - 16px) !important;
}

#onetrust-banner-sdk #onetrust-policy {
    margin: 0 !important;
    background-color: #fcece7;
    display: flex;
}

#onetrust-banner-sdk #onetrust-policy-text {
    margin: 0 !important;
    padding: 24px;
    width: 100% !important;
    position: relative;
}

#onetrust-banner-sdk #onetrust-policy-text a[href] {
    color: #e13205 !important;
}

#onetrust-banner-sdk #onetrust-policy-text a[href]:hover {
    color: #f088b6 !important;
}

#onetrust-banner-sdk #onetrust-policy-text #ica-ot-cookie-svg,
#onetrust-banner-sdk #onetrust-policy-text #ica-ot-crumb-svg {
    display: none;
}

@media all and (min-height: 660px) {
    #onetrust-banner-sdk #onetrust-policy-text {
        padding: 80px 24px 74px;
    }

    #onetrust-banner-sdk #onetrust-policy-text #ica-ot-cookie-svg {
        display: initial;
        position: absolute;
        top: 12px;
        left: 12px;
        width: 75px;
        height: 80px;
    }
}

@media all and (min-height: 660px) and (min-width: 768px) {
    #onetrust-banner-sdk #onetrust-policy-text #ica-ot-cookie-svg {
        top: 22px;
        left: 22px;
        width: 90px;
        height: 100px;
    }
}

@media all and (min-height: 660px) {
    #onetrust-banner-sdk #onetrust-policy-text #ica-ot-crumb-svg {
        display: initial;
        position: absolute;
        bottom: 31px;
        right: 20px;
        width: 35px;
        height: 17px;
    }
}

@media all and (min-height: 660px) and (min-width: 768px) {
    #onetrust-banner-sdk #onetrust-policy-text #ica-ot-crumb-svg {
        bottom: 30px;
        right: 40px;
        width: 55px;
        height: 27px;
    }
}

#onetrust-banner-sdk #onetrust-policy-text .icaot-h1 {
    font-family: 'ICA Hand', Arial, sans-serif;
    font-size: 20px;
    font-weight: 400;
    line-height: 28px;
    margin: 0;
    padding: 0;
    color: #e3000b;
    text-align: center;
}

@media all and (min-width: 768px) {
    #onetrust-banner-sdk #onetrust-policy-text .icaot-h1 {
        font-size: 20px;
        line-height: 28px;
    }
}

@media all and (min-width: 1024px) {
    #onetrust-banner-sdk #onetrust-policy-text .icaot-h1 {
        font-size: 24px;
        line-height: 32px;
    }
}

#onetrust-banner-sdk #onetrust-policy-text .icaot-h2 {
    display: block;
    margin: 0 0 8px;
    padding: 0;
    text-align: center;
    color: #3a3a3a;
    font-family: 'ICA Rubrik', Arial, sans-serif;
    font-size: 24px;
    font-weight: bold;
    line-height: 32px;
}

@media all and (min-width: 768px) {
    #onetrust-banner-sdk #onetrust-policy-text .icaot-h2 {
        font-size: 24px;
        line-height: 32px;
        margin: 0 0 16px;
    }
}

@media all and (min-width: 1024px) {
    #onetrust-banner-sdk #onetrust-policy-text .icaot-h2 {
        font-size: 32px;
        line-height: 40px;
    }
}

#onetrust-banner-sdk #onetrust-policy-text p {
    font-size: 18px;
    line-height: 26px;
    font-family: 'ICA Text Ny', Arial, Helvetica, sans-serif;
    color: #3a3a3a;
    text-align: center;
    margin: 0;
}

@media all and (min-width: 768px) {
    #onetrust-banner-sdk #onetrust-policy-text p {
        margin: 0 30px;
    }
}

@media all and (min-width: 1024px) {
    #onetrust-banner-sdk #onetrust-policy-text p {
        font-size: 20px;
        line-height: 28px;
        margin: 0 56px;
    }
}

#onetrust-banner-sdk #onetrust-policy-text .icaot-link {
    font-size: 18px;
    line-height: 24px;
    font-weight: bold;
}

@media all and (min-width: 1024px) {
    #onetrust-banner-sdk #onetrust-policy-text .icaot-link {
        font-size: 20px;
        line-height: 28px;
    }
}

#onetrust-banner-sdk #onetrust-pc-btn-handler,
#onetrust-banner-sdk #onetrust-sorry-btn-handler,
#onetrust-banner-sdk #onetrust-accept-btn-handler,
#onetrust-banner-sdk #onetrust-reject-all-handler {
    font-family: 'ICA Text Ny', sans-serif;
    font-weight: bold;
    font-size: 16px;
    line-height: 1;
    padding: 6px 16px;
    border-radius: 50px;
    -webkit-appearance: none;
    -moz-appearance: none;
    appearance: none;
    border: 0;
    cursor: pointer;
    text-decoration: none;
    display: inline-block;
    text-align: center;
    white-space: nowrap;
    overflow: hidden;
    text-overflow: ellipsis;
    max-width: 100%;
    height: 48px;
}

#onetrust-banner-sdk #onetrust-pc-btn-handler:hover,
#onetrust-banner-sdk #onetrust-sorry-btn-handler:hover,
#onetrust-banner-sdk #onetrust-accept-btn-handler:hover,
#onetrust-banner-sdk #onetrust-reject-all-handler:hover {
    background-color: #f088b6 !important;
    color: #fff !important;
    fill: #fff !important;
}

#onetrust-banner-sdk #onetrust-pc-btn-handler.button--active, #onetrust-banner-sdk #onetrust-pc-btn-handler:active,
#onetrust-banner-sdk #onetrust-sorry-btn-handler.button--active,
#onetrust-banner-sdk #onetrust-sorry-btn-handler:active,
#onetrust-banner-sdk #onetrust-accept-btn-handler.button--active,
#onetrust-banner-sdk #onetrust-accept-btn-handler:active,
#onetrust-banner-sdk #onetrust-reject-all-handler.button--active,
#onetrust-banner-sdk #onetrust-reject-all-handler:active {
    background-color: #9b0600;
    color: #fff;
    fill: #fff;
}

#onetrust-banner-sdk #onetrust-pc-btn-handler.button--disabled, #onetrust-banner-sdk #onetrust-pc-btn-handler:disabled,
#onetrust-banner-sdk #onetrust-sorry-btn-handler.button--disabled,
#onetrust-banner-sdk #onetrust-sorry-btn-handler:disabled,
#onetrust-banner-sdk #onetrust-accept-btn-handler.button--disabled,
#onetrust-banner-sdk #onetrust-accept-btn-handler:disabled,
#onetrust-banner-sdk #onetrust-reject-all-handler.button--disabled,
#onetrust-banner-sdk #onetrust-reject-all-handler:disabled {
    background-color: #ededed;
    color: #626262;
    fill: #626262;
    pointer-events: none;
}

#onetrust-banner-sdk #onetrust-accept-btn-handler,
#onetrust-banner-sdk #onetrust-sorry-btn-handler,
#onetrust-banner-sdk #onetrust-reject-all-handler{
    background-color: #e13205 !important;
    color: #fff !important;
    fill: #fff !important;
    border: none !important;
}

#onetrust-banner-sdk #onetrust-accept-btn-handler:hover,
#onetrust-banner-sdk #onetrust-sorry-btn-handler:hover,
#onetrust-banner-sdk #onetrust-reject-all-handler:hover {
    background-color: #f088b6 !important;
    color: #fff !important;
}

#onetrust-banner-sdk #onetrust-close-btn-container {
    display: none;
}

#onetrust-banner-sdk #onetrust-button-group-parent {
    padding: 20px !important;
}

@media all and (min-width: 768px) {
    #onetrust-banner-sdk #onetrust-button-group-parent {
        padding: 24px !important;
    }
}

#onetrust-banner-sdk #onetrust-button-group {
    display: flex !important;
    flex-direction: column;
}

#onetrust-banner-sdk .banner-actions-container {
    float: none !important;
    display: flex;
    flex-direction: column-reverse;
    width: 100% !important;
    max-width: 100% !important;
}

#onetrust-banner-sdk .banner-actions-container button {
    width: 100% !important;
}

#ot-sdk-btn.ot-sdk-show-settings {
    text-decoration: none;
    color: #626262 !important;
    border: none !important;
    font-family: ICA Text Ny, Arial, Helvetica, sans-serif !important;
    font-weight: 400 !important;
    font-size: 14px !important;
    line-height: 1.25rem !important;
    letter-spacing: .2px !important;
    list-style: none !important;
    padding: 0 !important;
}

#ot-sdk-btn.ot-sdk-show-settings:hover {
    color: #f088b6 !important;
    background: none !important;
    font-family: ICA Text Ny, Arial, Helvetica, sans-serif !important;
    font-weight: 400 !important;
    font-size: 14px !important;
    line-height: 1.25rem !important;
    letter-spacing: .2px !important;
    list-style: none !important;
    padding: 0 !important;
}

#onetrust-banner-sdk .has-reject-all-button #onetrust-pc-btn-handler.cookie-setting-link {
    text-align: center !important;
}

#onetrust-banner-sdk .has-reject-all-button #onetrust-pc-btn-handler {
   max-width: 100% !important;
   width: 100% !important;
}#onetrust-pc-sdk.otPcCenter{position:fixed;margin:0 auto;top:5%;bottom:10%;right:0;left:0;width:40%;max-width:575px;min-width:575px;border-radius:2.5px;z-index:2147483647;background-color:#fff;-webkit-box-shadow:0px 2px 10px -3px #999;-moz-box-shadow:0px 2px 10px -3px #999;box-shadow:0px 2px 10px -3px #999}#onetrust-pc-sdk.otRelFont{font-size:1rem}#onetrust-pc-sdk.otPcCenter[dir=rtl]{right:0;left:0}#onetrust-pc-sdk.ot-sdk-container{padding:0}#onetrust-pc-sdk #pc-title,#onetrust-pc-sdk #manage-cookies-text,#onetrust-pc-sdk .category-header,#onetrust-pc-sdk #vendors-list-title,#onetrust-pc-sdk #select-all-text-container p,#onetrust-pc-sdk .vendor-info .vendor-title,#onetrust-pc-sdk .ot-always-active{font-weight:bold;color:dimgray}#onetrust-pc-sdk .category-header{float:left;width:calc(100% - 65px)}#onetrust-pc-sdk .category-item p{clear:both;float:left;margin-top:10px;margin-bottom:5px;line-height:1.4;font-size:.82em;color:dimgray}#onetrust-pc-sdk .pc-close-button{height:44px;width:44px;background-size:10px}#onetrust-pc-sdk #pc-title{float:left;font-size:1.2em;line-height:1.3;margin-bottom:10px;width:100%}#onetrust-pc-sdk #pc-policy-text{clear:both;width:100%;font-size:.82em;line-height:1.4}#onetrust-pc-sdk #pc-policy-text a{font-size:1em;line-height:1.2;margin-right:8px}#onetrust-pc-sdk #pc-policy-text button{margin-right:8px}#onetrust-pc-sdk #pc-policy-text *{font-size:inherit}#onetrust-pc-sdk #pc-policy-text ul li{padding:10px 0px}#onetrust-pc-sdk #vdr-lst-dsc{font-size:.812em;line-height:1.5;padding:10px 15px 5px 15px}#onetrust-pc-sdk a{color:#656565;cursor:pointer}#onetrust-pc-sdk a:hover{color:#3860be}#onetrust-pc-sdk label{margin-bottom:0}#onetrust-pc-sdk .ot-link-btn{padding:0;margin-bottom:0;border:0;font-weight:normal;line-height:normal;width:auto;height:auto}#onetrust-pc-sdk button{max-width:394px;padding:12px 30px;line-height:1;word-break:break-word;word-wrap:break-word;white-space:normal;font-weight:bold;height:auto}#onetrust-pc-sdk #ot-content{position:absolute;overflow-y:scroll;padding-left:0px;padding-right:30px;top:20px;bottom:20px;margin:0 3px 0 50px;width:calc(100% - 83px)}#onetrust-pc-sdk #cookie-preferences .ot-always-active{float:right;clear:none;color:#3860be;margin:0;font-size:.9em;line-height:1.3}#onetrust-pc-sdk #ot-content::-webkit-scrollbar-track,#onetrust-pc-sdk .ot-group-options::-webkit-scrollbar-track,#onetrust-pc-sdk #vendor-list-content::-webkit-scrollbar-track{margin-right:20px}#onetrust-pc-sdk #ot-content::-webkit-scrollbar,#onetrust-pc-sdk .ot-group-options::-webkit-scrollbar,#onetrust-pc-sdk #vendor-list-content::-webkit-scrollbar{width:11px}#onetrust-pc-sdk #ot-content::-webkit-scrollbar-thumb,#onetrust-pc-sdk .ot-group-options::-webkit-scrollbar-thumb,#onetrust-pc-sdk #vendor-list-content::-webkit-scrollbar-thumb{border-radius:10px;background:#d8d8d8}#onetrust-pc-sdk input[type=checkbox]:focus+.accordion-header{outline-style:solid;outline-width:1px}#onetrust-pc-sdk #ot-content,#onetrust-pc-sdk #vendor-list-content,#onetrust-pc-sdk .ot-group-options{scrollbar-arrow-color:#d8d8d8;scrollbar-darkshadow-color:#d8d8d8;scrollbar-face-color:#d8d8d8;scrollbar-shadow-color:#d8d8d8}#onetrust-pc-sdk #accept-recommended-container{margin-bottom:10px}#onetrust-pc-sdk #accept-recommended-container button{float:left;outline-offset:-1px}#onetrust-pc-sdk .save-preference-btn-handler{float:left}#onetrust-pc-sdk .ot-pc-refuse-all-handler{float:left;margin-right:10px}#onetrust-pc-sdk #privacy-notice-link{text-decoration:underline}#onetrust-pc-sdk .cookie-subgroups-container{display:inline-block;clear:both;width:100%;margin-bottom:10px}#onetrust-pc-sdk .cookie-subgroup-toggle{float:right}#onetrust-pc-sdk .cookie-subgroup-toggle.ot-always-active-subgroup{width:auto}#onetrust-pc-sdk ul.cookie-subgroups{margin:0;font-size:initial}#onetrust-pc-sdk ul.cookie-subgroups li p,#onetrust-pc-sdk ul.cookie-subgroups li h5{font-size:.7em;line-height:1.4;color:dimgray}#onetrust-pc-sdk ul.cookie-subgroups .ot-switch{min-height:auto}#onetrust-pc-sdk ul.cookie-subgroups .ot-switch-nob{top:0}#onetrust-pc-sdk ul.cookie-subgroups .accordion-header{display:inline-block;width:100%}#onetrust-pc-sdk ul.cookie-subgroups .accordion-text{margin:0}#onetrust-pc-sdk ul.cookie-subgroups li{padding:0;border:none}#onetrust-pc-sdk ul.cookie-subgroups li h5{position:relative;top:5px;font-weight:bold;margin-bottom:0;float:left}#onetrust-pc-sdk li.cookie-subgroup{margin-left:20px;overflow:auto}#onetrust-pc-sdk li.cookie-subgroup>h5{width:calc(100% - 70px)}#onetrust-pc-sdk .category-item p>ul,#onetrust-pc-sdk li.cookie-subgroup p>ul{margin:0px;list-style:disc;margin-left:15px;font-size:inherit}#onetrust-pc-sdk .category-item p>ul li,#onetrust-pc-sdk li.cookie-subgroup p>ul li{font-size:inherit;padding-top:10px;padding-left:0px;padding-right:0px;border:none}#onetrust-pc-sdk .category-item p>ul li:last-child,#onetrust-pc-sdk li.cookie-subgroup p>ul li:last-child{padding-bottom:10px}#onetrust-pc-sdk .ot-switch.ot-hide-tgl{visibility:hidden}#onetrust-pc-sdk .ot-switch.ot-hide-tgl *{visibility:hidden}#onetrust-pc-sdk .pc-logo{height:40px;width:120px;margin-bottom:10px}#onetrust-pc-sdk .ot-pc-footer-logo{height:25px;width:138px;float:right;margin-top:31px}#onetrust-pc-sdk.otPcCenter[dir=rtl] .ot-pc-footer-logo{direction:rtl}#onetrust-pc-sdk .ot-toggle-group,#onetrust-pc-sdk .ot-toggle,#onetrust-pc-sdk .ot-arrow-container{display:inline-block}#onetrust-pc-sdk .ot-toggle-group{width:70px;float:right}#onetrust-pc-sdk .ot-toggle{padding:0;font-size:100%}#onetrust-pc-sdk .ot-arrow{width:10px;margin-left:15px}#onetrust-pc-sdk button.ot-pill{border-radius:20px;font-size:.75em;text-align:center;background-color:#3860be;border-color:#3860be;font-weight:600;box-shadow:0 0 10px 1px #cce1ff;width:180px;color:#fff;height:auto;white-space:normal;word-break:break-word;word-wrap:break-word;padding:10px;line-height:1.2;letter-spacing:.05em}#onetrust-pc-sdk button.ot-pill:first-child{margin-top:10px}#onetrust-pc-sdk .ot-arrow-container{margin-top:1.2px}#onetrust-pc-sdk .ot-arrow-container svg{-webkit-transition:all 300ms ease-in 0s;-moz-transition:all 300ms ease-in 0s;-o-transition:all 300ms ease-in 0s;transition:all 300ms ease-in 0s;height:10px;width:10px}#onetrust-pc-sdk input:checked~.accordion-header .ot-arrow{transform:rotate(90deg);-o-transform:rotate(90deg);-ms-transform:rotate(90deg);-webkit-transform:rotate(90deg)}#onetrust-pc-sdk .ot-arrow{width:10px;margin-left:15px;transition:all 300ms ease-in 0s;-webkit-transition:all 300ms ease-in 0s;-moz-transition:all 300ms ease-in 0s;-o-transition:all 300ms ease-in 0s}#onetrust-pc-sdk .category-vendors-list-container{margin-bottom:0}#onetrust-pc-sdk .category-host-list-container{margin-top:10px}#onetrust-pc-sdk .category-vendors-list-handler,#onetrust-pc-sdk .category-vendors-list-handler+a,#onetrust-pc-sdk .category-host-list-handler{clear:both;color:#3860be;margin-left:0;font-size:.75em;text-decoration:none;float:left}#onetrust-pc-sdk .category-vendors-list-handler:hover,#onetrust-pc-sdk .category-vendors-list-handler+a:hover,#onetrust-pc-sdk .category-host-list-handler:hover{color:#1883fd}#onetrust-pc-sdk .category-vendors-list-handler+a{clear:none}#onetrust-pc-sdk .category-vendors-list-handler+a::after{content:"";height:15px;width:15px;background-repeat:no-repeat;margin-left:5px;float:right;background-image:url("data:image/svg+xml,%3Csvg xmlns='http://www.w3.org/2000/svg' viewBox='0 0 511.626 511.627'%3E%3Cg fill='%231276CE'%3E%3Cpath d='M392.857 292.354h-18.274c-2.669 0-4.859.855-6.563 2.573-1.718 1.708-2.573 3.897-2.573 6.563v91.361c0 12.563-4.47 23.315-13.415 32.262-8.945 8.945-19.701 13.414-32.264 13.414H82.224c-12.562 0-23.317-4.469-32.264-13.414-8.945-8.946-13.417-19.698-13.417-32.262V155.31c0-12.562 4.471-23.313 13.417-32.259 8.947-8.947 19.702-13.418 32.264-13.418h200.994c2.669 0 4.859-.859 6.57-2.57 1.711-1.713 2.566-3.9 2.566-6.567V82.221c0-2.662-.855-4.853-2.566-6.563-1.711-1.713-3.901-2.568-6.57-2.568H82.224c-22.648 0-42.016 8.042-58.102 24.125C8.042 113.297 0 132.665 0 155.313v237.542c0 22.647 8.042 42.018 24.123 58.095 16.086 16.084 35.454 24.13 58.102 24.13h237.543c22.647 0 42.017-8.046 58.101-24.13 16.085-16.077 24.127-35.447 24.127-58.095v-91.358c0-2.669-.856-4.859-2.574-6.57-1.713-1.718-3.903-2.573-6.565-2.573z'/%3E%3Cpath d='M506.199 41.971c-3.617-3.617-7.905-5.424-12.85-5.424H347.171c-4.948 0-9.233 1.807-12.847 5.424-3.617 3.615-5.428 7.898-5.428 12.847s1.811 9.233 5.428 12.85l50.247 50.248-186.147 186.151c-1.906 1.903-2.856 4.093-2.856 6.563 0 2.479.953 4.668 2.856 6.571l32.548 32.544c1.903 1.903 4.093 2.852 6.567 2.852s4.665-.948 6.567-2.852l186.148-186.148 50.251 50.248c3.614 3.617 7.898 5.426 12.847 5.426s9.233-1.809 12.851-5.426c3.617-3.616 5.424-7.898 5.424-12.847V54.818c-.001-4.952-1.814-9.232-5.428-12.847z'/%3E%3C/g%3E%3C/svg%3E")}#onetrust-pc-sdk .back-btn-handler{font-size:1em;text-decoration:none;font-weight:bold;color:#2e3644;display:table-cell;vertical-align:middle}#onetrust-pc-sdk .back-btn-handler p{display:inline-block;word-break:break-word;word-wrap:break-word;margin-bottom:0;max-width:70px;vertical-align:middle;color:#656565;font-size:.8em;font-weight:bold}#onetrust-pc-sdk .back-btn-handler p:hover{opacity:.6}#onetrust-pc-sdk #vendors-list-title{margin:30px 0 15px 20px;font-size:1em;text-align:left}#onetrust-pc-sdk #vendors-list-header{margin:20px 0 0 30px;height:auto;width:auto}#onetrust-pc-sdk #vendors-list-header input::placeholder{color:#d4d4d4;font-style:italic}#onetrust-pc-sdk #vendor-search-handler{height:31px;width:380px;border-radius:50px;font-size:.8em;padding:0 35px 0 15px;float:left;margin:6px 12px 0 50px}#onetrust-pc-sdk #vendor-list-content{position:relative;overflow-y:scroll;padding-left:0px;top:60px;bottom:75px;margin-right:7px;margin-left:40px;max-width:90%;min-width:90%;height:calc(100% - 265px)}#onetrust-pc-sdk #vendor-list-content .ot-sdk-column{padding-right:22px;padding-left:10px}#onetrust-pc-sdk #vendor-list-content.no-results{height:calc(100% - 300px)}#onetrust-pc-sdk #vendors-list{height:calc(100% - 12px);width:100%;bottom:0px}#onetrust-pc-sdk #vendors-list .ot-toggle-group{top:10px;width:50px;right:12px;position:absolute}#onetrust-pc-sdk #vendors-list .ot-checkbox{height:auto}#onetrust-pc-sdk #vendors-list .ot-arrow-container{float:right;position:relative}#onetrust-pc-sdk .category-vendors-list-container{overflow:hidden}#onetrust-pc-sdk #select-all-container{position:relative;height:auto;width:100%;display:block;top:43px;margin-bottom:10px;padding-bottom:4px;color:dimgray}#onetrust-pc-sdk #select-all-container p{font-size:.75em;color:#6b6b6b;margin:0;display:inline-block}#onetrust-pc-sdk #select-all-container .ot-checkbox{height:auto;float:right;width:160px;max-width:160px;margin-right:90px}#onetrust-pc-sdk.ot-sdk-not-webkit #select-all-container .ot-checkbox{margin-right:99px}#onetrust-pc-sdk #ot-back-arrow{height:12px;width:20px;display:inline-block;vertical-align:middle}#onetrust-pc-sdk #search-container{width:100%;left:0;position:absolute;height:45px;background-color:#f8f8f8}#onetrust-pc-sdk #search-container>svg{width:30px;height:30px;position:relative;float:left;right:42px;top:6px}#onetrust-pc-sdk #filter-btn-handler{border-radius:17px;display:inline-block;position:relative;width:32px;height:32px;margin-top:6px;right:25px;-moz-transition:.1s ease;-o-transition:.1s ease;-webkit-transition:1s ease;transition:.1s ease}#onetrust-pc-sdk #filter-btn-handler span{margin-bottom:0;line-height:1.2;font-size:1em;color:#2e3644;max-width:100px;vertical-align:middle}#onetrust-pc-sdk #filter-icon{width:12px;height:30px;margin:3px 10px 0 10px;display:block;position:static;right:auto;top:auto}#onetrust-pc-sdk #filter-btn-handler:hover{background-color:#3860be}#onetrust-pc-sdk #filter-btn-handler:hover #filter-icon-path{fill:#fff}#onetrust-pc-sdk .vendor-privacy-notice{color:#3860be;text-decoration:none;font-weight:100;display:block;padding-top:10px;transform:translate(0, 1%);-o-transform:translate(0, 1%);-ms-transform:translate(0, 1%);-webkit-transform:translate(0, 1%);position:relative;z-index:2}#onetrust-pc-sdk .vendor-privacy-notice *{font-size:inherit}#onetrust-pc-sdk .vendor-privacy-notice:hover{text-decoration:underline}#onetrust-pc-sdk .vendor-title{width:130px;max-width:130px;vertical-align:middle}#onetrust-pc-sdk .vendor-info{width:120px;height:auto;float:left;word-break:break-word;word-wrap:break-word;vertical-align:middle;padding-left:3px;padding-bottom:3px}#onetrust-pc-sdk .vendor-purposes{transform:translate(150%, 150%);-o-transform:translate(150%, 150%);-ms-transform:translate(150%, 150%);-webkit-transform:translate(150%, 150%);vertical-align:bottom;height:auto;float:left;text-align:center}#onetrust-pc-sdk .vendor-purposes p{margin-bottom:0;font-weight:500;float:left;word-break:break-word;word-wrap:break-word}#onetrust-pc-sdk .vendor-purposes p,#onetrust-pc-sdk .vendor-privacy-notice{letter-spacing:.03em;font-size:.7em;font-weight:400}#onetrust-pc-sdk .vendor-options{min-height:100px;border-radius:2px;background-color:#f8f8f8}#onetrust-pc-sdk .vendor-options:first-child{border-top:none}#onetrust-pc-sdk .vendor-option:first-of-type{border-top:none}#onetrust-pc-sdk .vendor-option{min-height:30px;display:table;width:100%;border-top:1px solid #e2e2e2}#onetrust-pc-sdk .vendor-option a{display:table-cell;vertical-align:middle;width:120px}#onetrust-pc-sdk .vendor-option a span{font-size:.75em;color:#3860be;width:100px}#onetrust-pc-sdk .vendor-option a svg{width:18px;vertical-align:bottom}#onetrust-pc-sdk .vendor-option p{display:table-cell;vertical-align:middle;word-break:break-word;word-wrap:break-word;margin:0;padding:0 0 0 15px;width:150px;font-size:.75em;line-height:1.4;color:#2e3644}#onetrust-pc-sdk #vendors-list-container .accordion-header{overflow:hidden;cursor:pointer}#onetrust-pc-sdk .vendor-options{border-radius:2px}#onetrust-pc-sdk .vendor-options p{font-size:.69em;text-align:left;display:table-cell;vertical-align:middle;word-break:break-word;word-wrap:break-word;margin:0;padding-left:15px;color:#2e3644}#onetrust-pc-sdk #vendor-list-content.host-list-content{margin-left:30px;margin-right:7px}#onetrust-pc-sdk #vendor-list-content.host-list-content .ot-sdk-column{padding:0px}#onetrust-pc-sdk #vendor-list-content.host-list-content+#vendor-list-save-btn{padding-left:30px}#onetrust-pc-sdk .hosts-list #vendors-list-header{margin-left:0px}#onetrust-pc-sdk .hosts-list .back-btn-handler{padding-left:12px}#onetrust-pc-sdk .hosts-list #vendors-list-title{margin-left:30px}#onetrust-pc-sdk .hosts-list #vendor-search-handler{margin-left:30px}#onetrust-pc-sdk #hosts-list-container .ot-checkbox{float:right;position:relative;margin-right:42px;top:10px}#onetrust-pc-sdk #hosts-list-container .ot-checkbox input[type=checkbox]{width:auto;height:auto}#onetrust-pc-sdk #hosts-list-container .ot-checkbox label{height:20px;width:20px;padding-left:0px}#onetrust-pc-sdk #hosts-list-container .accordion-header{display:inline-block;width:100%}#onetrust-pc-sdk #hosts-list-container .accordion-text{overflow:hidden;width:95%}#onetrust-pc-sdk #hosts-list-container .host-info{width:85%;float:left}#onetrust-pc-sdk #hosts-list-container .host-title,#onetrust-pc-sdk #hosts-list-container .host-description{display:inline-block;width:90%}#onetrust-pc-sdk #hosts-list-container .host-info>a{text-decoration:underline;font-size:.82em;position:relative;z-index:2;float:left;margin-bottom:5px}#onetrust-pc-sdk #hosts-list-container .host-title+a{margin-top:5px}#onetrust-pc-sdk #hosts-list-container .host-notice{margin-top:3px;clear:both}#onetrust-pc-sdk #hosts-list-container .host-title,#onetrust-pc-sdk #hosts-list-container .host-title a,#onetrust-pc-sdk #hosts-list-container .host-description,#onetrust-pc-sdk #hosts-list-container .vendor-host{color:dimgray;word-break:break-word;word-wrap:break-word}#onetrust-pc-sdk #hosts-list-container .host-title,#onetrust-pc-sdk #hosts-list-container .host-title a{font-weight:bold;font-size:.82em;line-height:1.3}#onetrust-pc-sdk #hosts-list-container .host-title a,#onetrust-pc-sdk #hosts-list-container .cookie-name-container a{font-size:1em}#onetrust-pc-sdk #hosts-list-container .host-notice span{color:#3860be;font-size:.72em;font-weight:normal;display:inline-block}#onetrust-pc-sdk #hosts-list-container .host-notice span *{font-size:inherit}#onetrust-pc-sdk #hosts-list-container .host-description,#onetrust-pc-sdk #hosts-list-container .vendor-host{font-size:.688em;line-height:1.4;font-weight:normal}#onetrust-pc-sdk #hosts-list-container .host-description{margin-top:10px}#onetrust-pc-sdk #hosts-list-container .host-item{padding:10px 0px;overflow:auto}#onetrust-pc-sdk #hosts-list-container .host-item:first-of-type{border-top:1px solid #e2e2e2}#onetrust-pc-sdk #hosts-list-container input:checked~.accordion-header .ot-arrow-container{border-left:6px solid transparent;border-right:6px solid transparent;border-top:6px solid #737373;margin-top:6px}#onetrust-pc-sdk #hosts-list-container .ot-arrow-container{float:none;display:inline-block;vertical-align:middle;border-top:6px solid transparent;border-bottom:6px solid transparent;border-left:6px solid #737373;margin-left:10px}#onetrust-pc-sdk #hosts-list-container .host-option-group{margin:0;font-size:inherit;display:inline-block;width:100%}#onetrust-pc-sdk #hosts-list-container .host-option-group li>div div{font-size:.8em;padding:5px 0}#onetrust-pc-sdk #hosts-list-container .host-option-group li>div div:nth-child(1){width:30%;float:left}#onetrust-pc-sdk #hosts-list-container .host-option-group li>div div:nth-child(2){width:70%;float:left;word-break:break-word;word-wrap:break-word}#onetrust-pc-sdk #hosts-list-container .vendor-host{border:none;display:inline-block;width:calc(100% - 10px);padding:10px;margin-bottom:10px;background-color:#f8f8f8}#onetrust-pc-sdk .vendor-option-purpose{border-top:1px solid #e9e9e9;border-bottom:1px solid #e9e9e9;margin-bottom:10px;min-height:30px;max-height:50px;width:100%;display:table}#onetrust-pc-sdk .vendor-option-purpose:first-child,#onetrust-pc-sdk .vendor-option-purpose:first-of-type{border-top:none}#onetrust-pc-sdk .vendor-option-purpose p{font-weight:bold}#onetrust-pc-sdk .vendor-consent-group{display:inline-block;width:calc(100% - 15px);margin-bottom:10px}#onetrust-pc-sdk .ot-ven-disc{padding-bottom:10px}#onetrust-pc-sdk .ot-ven-disc:not(:first-child){border-top:1px solid #e9e9e9}#onetrust-pc-sdk .ot-ven-disc:nth-child(n+3) p{display:inline-block}#onetrust-pc-sdk .ot-ven-disc:nth-child(n+3) p:nth-of-type(odd){width:30%}#onetrust-pc-sdk .ot-ven-disc:nth-child(n+3) p:nth-of-type(even){width:50%;word-break:break-word;word-wrap:break-word}#onetrust-pc-sdk .ot-ven-disc p{padding-top:10px;display:block}#onetrust-pc-sdk .legitimate-interest-group .consent-category{float:left}#onetrust-pc-sdk .vendor-opt-out-handler{text-decoration:none;float:right;color:#3860be;position:relative}#onetrust-pc-sdk .vendor-opt-out-handler span{font-size:.69em;line-height:1.4}#onetrust-pc-sdk .vendor-opt-out-handler svg{width:15px;height:15px;vertical-align:middle}#onetrust-pc-sdk #no-results{text-align:center;margin-top:30px;max-width:93%}#onetrust-pc-sdk #no-results p{font-size:1em;color:#2e3644;word-break:break-word;word-wrap:break-word}#onetrust-pc-sdk #no-results p span{font-weight:bold}#onetrust-pc-sdk #ot-filter-modal{width:100%;height:auto;display:none;-moz-transition:.2s ease;-o-transition:.2s ease;-webkit-transition:2s ease;transition:.2s ease;overflow:hidden;opacity:1;right:0}#onetrust-pc-sdk #ot-filter-modal .ot-pill{width:130px;float:right;margin-top:10px}#onetrust-pc-sdk #ot-options{z-index:2147483646;background-color:#fff;position:absolute;height:auto;max-width:325px;max-height:450px;left:195px;margin-top:14px;margin-bottom:20px;padding-right:10px;border-radius:3px;-webkit-box-shadow:0px 0px 12px 2px #c7c5c7;-moz-box-shadow:0px 0px 12px 2px #c7c5c7;box-shadow:0px 0px 12px 2px #c7c5c7}#onetrust-pc-sdk .ot-group-options{max-height:325px;overflow-y:auto;width:100%}#onetrust-pc-sdk #ot-triangle{border:12px solid transparent;display:none;position:absolute;z-index:2147483647;right:100px;top:48px;transform:rotate(45deg);-o-transform:rotate(45deg);-ms-transform:rotate(45deg);-webkit-transform:rotate(45deg);background-color:#fff;-webkit-box-shadow:-3px -3px 5px -2px #c7c5c7;-moz-box-shadow:-3px -3px 5px -2px #c7c5c7;box-shadow:-3px -3px 5px -2px #c7c5c7}#onetrust-pc-sdk .ot-group-option{margin-bottom:25px;margin-left:15px;width:75%}#onetrust-pc-sdk .ot-group-option p{display:inline-block;margin:0;font-size:.9em;color:#2e3644}#onetrust-pc-sdk .ot-checkbox input[type=checkbox]{opacity:0;margin:0;position:absolute}#onetrust-pc-sdk .ot-checkbox label{position:relative;display:inline-block;padding-left:30px;cursor:pointer;font-weight:500}#onetrust-pc-sdk .ot-checkbox label span{font-size:.85em;color:dimgray}#onetrust-pc-sdk .ot-checkbox input:checked~label::before{background-color:#3860be}#onetrust-pc-sdk .ot-checkbox label::before,#onetrust-pc-sdk .ot-checkbox label::after{position:absolute;content:"";display:inline-block;border-radius:3px}#onetrust-pc-sdk .ot-checkbox label::before{height:18px;width:18px;border:1px solid #3860be;left:0px;top:2px}#onetrust-pc-sdk .ot-checkbox label::after{height:5px;width:9px;border-left:3px solid;border-bottom:3px solid;transform:rotate(-45deg);-o-transform:rotate(-45deg);-ms-transform:rotate(-45deg);-webkit-transform:rotate(-45deg);left:4px;top:7px}#onetrust-pc-sdk .ot-checkbox input[type=checkbox]+label::after{content:none;color:#fff}#onetrust-pc-sdk .ot-checkbox input[type=checkbox]:checked+label::after{content:""}#onetrust-pc-sdk .ot-checkbox input[type=checkbox]:focus+label::before{outline-style:solid;outline-width:2px;outline-style:auto}#onetrust-pc-sdk #select-all-text-container{height:auto;float:left;width:83%}#onetrust-pc-sdk #select-all-text-container p *{font-size:inherit}#onetrust-pc-sdk #select-all-vendors-input-container,#onetrust-pc-sdk #select-all-hosts-input-container{width:21px;height:auto;float:right}#onetrust-pc-sdk #select-all-vendors-input-container label,#onetrust-pc-sdk #select-all-hosts-input-container label{float:left;padding-left:0}#onetrust-pc-sdk #select-all-vendors-input-container .ot-group-option-box,#onetrust-pc-sdk #select-all-hosts-input-container .ot-group-option-box{margin:0}#onetrust-pc-sdk .label-text{display:none}#onetrust-pc-sdk #vendors-list-container:first-child{border-top:1px solid #e2e2e2}#onetrust-pc-sdk ul{list-style:none;padding:0}#onetrust-pc-sdk ul li{position:relative;margin:0;padding:15px 15px 15px 10px;border-bottom:1px solid #e2e2e2}#onetrust-pc-sdk ul li h3{font-size:.75em;color:#656565;margin:0;display:inline-block;width:70%;height:auto;word-break:break-word;word-wrap:break-word}#onetrust-pc-sdk ul li p{margin:0;font-size:.7em}#onetrust-pc-sdk ul li input[type=checkbox]{position:absolute;cursor:pointer;width:100%;height:100%;opacity:0;margin:0;top:0;left:0}#onetrust-pc-sdk ul li input[type=checkbox]:not(:checked)~.accordion-text{margin-top:0;max-height:0;opacity:0;overflow:hidden;width:100%;transition:.25s ease-out;display:none}#onetrust-pc-sdk ul li input[type=checkbox]:checked~.accordion-text{transition:.1s ease-in;margin-top:10px;width:100%;display:block}#onetrust-pc-sdk .category-vendors-list-container{margin-bottom:0;width:100%}#onetrust-pc-sdk .category-vendors-list-handler,#onetrust-pc-sdk .category-vendors-list-handler+a{margin-left:0;margin-top:10px}#onetrust-pc-sdk .vendor-option .op-out-group{float:right;margin-right:10px}#onetrust-pc-sdk #select-all-vendors-input-container.line-through label::after,#onetrust-pc-sdk #select-all-vendors-leg-input-container.line-through label::after,#onetrust-pc-sdk #select-all-hosts-input-container.line-through label::after{height:auto;border-left:0;transform:none;-o-transform:none;-ms-transform:none;-webkit-transform:none;left:5px;top:10.5px}#onetrust-pc-sdk #vendor-list-save-btn{position:relative;top:38px;max-width:90%;padding-left:50px;padding-right:50px}#onetrust-pc-sdk #manage-cookies-text{float:left;font-size:1.2em;width:100%}#onetrust-pc-sdk .button-theme{background-color:#68b631;color:#fff;border-color:#68b631;font-size:.75em;letter-spacing:.08em;margin-top:19px}#onetrust-pc-sdk .button-theme:hover,#onetrust-pc-sdk .button-theme:focus{color:#fff;border-color:#68b631}#onetrust-pc-sdk #cookie-preferences{margin-top:10px}#onetrust-pc-sdk #cookie-preferences h4{font-size:.9em;line-height:1.3;max-width:90%;vertical-align:middle}#onetrust-pc-sdk .accordion-text .ot-switch,#onetrust-pc-sdk .ot-accordion-layout.category-item .ot-switch{position:relative;float:right;width:45px;-webkit-user-select:none;-moz-user-select:none;-ms-user-select:none}#onetrust-pc-sdk .accordion-text .switch-checkbox,#onetrust-pc-sdk .ot-accordion-layout.category-item .switch-checkbox{opacity:0}#onetrust-pc-sdk .accordion-text .ot-switch-label,#onetrust-pc-sdk .ot-accordion-layout.category-item .ot-switch-label{display:block;overflow:hidden;cursor:pointer;border:1px solid #ddd;border-radius:20px;background-color:#f2f1f1}#onetrust-pc-sdk .accordion-text .ot-switch-inner,#onetrust-pc-sdk .ot-accordion-layout.category-item .ot-switch-inner{display:block;width:200%;margin-left:-100%;transition:margin .2s ease-in 0s;-moz-transition:margin .2s ease-in 0s;-o-transition:margin .2s ease-in 0s;-webkit-transition:margin .2s ease-in 0s}#onetrust-pc-sdk .category-item{line-height:1.1;margin-top:10px;display:inline-block;width:100%}#onetrust-pc-sdk .category-item .ot-switch-nob{width:17px;height:17px;right:20px}#onetrust-pc-sdk .category-item .ot-switch.ot-toggle input{display:block;position:absolute}#onetrust-pc-sdk .category-item .ot-switch.ot-toggle input:focus+.ot-switch-label{outline-style:solid !important;outline-width:1px !important}#onetrust-pc-sdk .switch-checkbox.category-switch-handler{margin:0;width:0}#onetrust-pc-sdk .save-preference-btn-container{margin-top:20px;position:relative}#onetrust-pc-sdk #close-pc-btn-handler.ot-close-icon,#onetrust-pc-sdk #vendor-close-pc-btn-handler.ot-close-icon{position:absolute;top:15px;right:0;z-index:2;padding:0;background-color:transparent;border:none}#onetrust-pc-sdk #close-pc-btn-handler.ot-close-icon:hover,#onetrust-pc-sdk #vendor-close-pc-btn-handler.ot-close-icon:hover{opacity:.7}#onetrust-pc-sdk #close-pc-btn-handler.ot-close-icon svg,#onetrust-pc-sdk #vendor-close-pc-btn-handler.ot-close-icon svg{display:block;height:10px;width:10px}#onetrust-pc-sdk .ot-switch-inner:before,#onetrust-pc-sdk .ot-switch-inner:after{display:block;width:50%;height:23px}#onetrust-pc-sdk .ot-switch-inner:before{content:"";background-color:#d5e9ff}#onetrust-pc-sdk .ot-switch-nob{display:block;margin:2px;background:#7d7d7d;position:absolute;bottom:0;border:2px solid #7d7d7d;border-radius:20px;transition:all .2s ease-in 0s;-moz-transition:all .2s ease-in 0s;-o-transition:all .2s ease-in 0s;-webkit-transition:all .2s ease-in 0s}#onetrust-pc-sdk .switch-checkbox:checked+.ot-switch-label{transition:all .2s ease-in 0s;-moz-transition:all .2s ease-in 0s;-o-transition:all .2s ease-in 0s;-webkit-transition:all .2s ease-in 0s;border:1px solid #3860be}#onetrust-pc-sdk .switch-checkbox:checked+.ot-switch-label .ot-switch-inner{margin-left:0}#onetrust-pc-sdk .switch-checkbox:checked+.ot-switch-label .ot-switch-nob{right:0px;background-color:#3860be;border-color:#3860be}#onetrust-pc-sdk #clear-filters-handler{float:right;max-width:200px;margin-bottom:30px;text-decoration:none}#onetrust-pc-sdk #clear-filters-handler p{float:right;font-weight:bold;color:#3860be;font-size:.9em;margin:0}#onetrust-pc-sdk #clear-filters-handler p:hover{color:#2285f7}#onetrust-pc-sdk #clear-filters-container{width:100%;height:auto;margin-top:20px;float:right}#onetrust-pc-sdk .category-switch-handler:not(:checked),#onetrust-pc-sdk .category-switch-handler:checked{position:initial;pointer-events:initial}#onetrust-pc-sdk .ot-accordion-layout.category-item{position:relative;border-radius:2px;margin:0;padding:0;border:1px solid #e9e9e9;border-top:none;width:calc(100% - 2px);float:left}#onetrust-pc-sdk .ot-accordion-layout.category-item:first-of-type{margin-top:10px;border-top:1px solid #e9e9e9}#onetrust-pc-sdk .ot-accordion-layout.category-item>input[type=checkbox]{position:absolute;cursor:pointer;width:100%;height:100%;opacity:0;margin:0;top:0;left:0;z-index:1}#onetrust-pc-sdk .ot-accordion-layout.category-item input[type=checkbox]:not(:checked)~.accordion-text{margin-top:0;max-height:0;opacity:0;overflow:hidden;width:100%;transition:.25s ease-out}#onetrust-pc-sdk .ot-accordion-layout.category-item input[type=checkbox]:checked~.accordion-text{transition:.1s ease-in;margin-top:10px;width:100%;overflow:auto}#onetrust-pc-sdk .ot-accordion-layout.category-item input[type=checkbox]:checked~.ot-accordion-pc-container{width:auto;margin-top:0px;padding-bottom:10px}#onetrust-pc-sdk .ot-accordion-layout .ot-accordion-group-pc-container{padding-left:20px;padding-right:15px;width:calc(100% - 35px);font-size:.82em;margin-bottom:10px}#onetrust-pc-sdk .ot-accordion-layout .accordion-header{padding-top:11.5px;padding-bottom:11.5px;padding-left:20px;padding-right:15px;width:calc(100% - 35px);display:inline-block}#onetrust-pc-sdk .ot-accordion-layout .accordion-text{width:100%;padding:0px}#onetrust-pc-sdk .ot-accordion-layout .cookie-subgroups-container{padding-left:20px;padding-right:15px;padding-bottom:7.5px;margin:0;width:calc(100% - 35px)}#onetrust-pc-sdk .ot-accordion-layout .ot-accordion-pc-container,#onetrust-pc-sdk .ot-accordion-layout .ot-switch.ot-toggle{z-index:1;position:relative}#onetrust-pc-sdk .ot-accordion-layout .category-header+.ot-arrow-container{float:right;position:relative}#onetrust-pc-sdk .ot-accordion-layout .category-header+.ot-arrow-container .ot-arrow{width:15px;height:20px;margin-left:5px;color:dimgray}#onetrust-pc-sdk .ot-accordion-layout .ot-always-active-group>.ot-arrow-container{top:-2px}#onetrust-pc-sdk .ot-accordion-layout .category-header{float:none;font-size:.9em;color:#2e3644;margin:0;display:inline-block;height:auto;word-wrap:break-word}#onetrust-pc-sdk .ot-accordion-layout .category-vendors-list-container,#onetrust-pc-sdk .ot-accordion-layout .category-host-list-container{width:calc(100% - 20px);display:inline-block;margin-top:0px;padding:10px 0px 10px 20px}#onetrust-pc-sdk.ot-leg-opt-out .ot-toggle-group{width:45px}#onetrust-pc-sdk.ot-leg-opt-out #manage-cookies-text{padding-bottom:10px}#onetrust-pc-sdk.ot-leg-opt-out .leg-int-header{color:#77808e;overflow:hidden;padding-top:7.5px;padding-bottom:7.5px;width:calc(100% - 2px);border-top-left-radius:3px;border-top-right-radius:3px}#onetrust-pc-sdk.ot-leg-opt-out .leg-int-header span:first-child{max-width:80px}#onetrust-pc-sdk.ot-leg-opt-out .leg-int-header span:last-child{padding-right:10px;max-width:95px;text-align:center}#onetrust-pc-sdk.ot-leg-opt-out .leg-int-title{float:right;font-size:.813em}#onetrust-pc-sdk.ot-leg-opt-out .leg-int-header.ot-leg-border-color{background-color:#f8f8f8;border:1px solid #e9e9e9}#onetrust-pc-sdk.ot-leg-opt-out .leg-int-header.ot-leg-border-color span:first-child{text-align:left;width:80px}#onetrust-pc-sdk.ot-leg-opt-out li.cookie-subgroup>h5,#onetrust-pc-sdk.ot-leg-opt-out .category-header{width:calc(100% - 125px)}#onetrust-pc-sdk.ot-leg-opt-out li.cookie-subgroup>h5+.cookie-subgroup-toggle{padding-left:13px}#onetrust-pc-sdk.ot-leg-opt-out .ot-accordion-pc-container .ot-accordion-group-pc-container{margin-bottom:5px}#onetrust-pc-sdk.ot-leg-opt-out .ot-accordion-pc-container .cookie-subgroups-container{border-top:1px solid #e9e9e9}#onetrust-pc-sdk.ot-leg-opt-out .ot-accordion-pc-container ul.cookie-subgroups li{margin-top:5px;margin-bottom:5px}#onetrust-pc-sdk.ot-leg-opt-out .ot-accordion-pc-container li.cookie-subgroup>h5+.cookie-subgroup-toggle{padding-right:20px}#onetrust-pc-sdk.ot-leg-opt-out .accordion-header .ot-arrow-container+.ot-switch.ot-toggle,#onetrust-pc-sdk.ot-leg-opt-out .accordion-text h4+.ot-switch.ot-toggle{padding-left:13px}#onetrust-pc-sdk.ot-leg-opt-out #select-all-text-container{text-align:right}#onetrust-pc-sdk.ot-leg-opt-out .hosts-list #select-all-container .ot-checkbox{margin-right:80px;right:0}#onetrust-pc-sdk.ot-leg-opt-out .hosts-list #select-all-text-container{width:94%}#onetrust-pc-sdk.ot-leg-opt-out #select-all-container .ot-checkbox{margin:0;max-width:100%;padding:0;position:relative;right:77px;width:calc(100% - 77px)}#onetrust-pc-sdk.ot-leg-opt-out #select-all-vendors-input-container{right:10px;position:relative}#onetrust-pc-sdk.ot-leg-opt-out .leg-int-sel-all-hdr{display:block;width:100%;position:relative;height:20px}#onetrust-pc-sdk.ot-leg-opt-out .consent-hdr,#onetrust-pc-sdk.ot-leg-opt-out .leg-int-hdr{float:right;font-size:.8em}#onetrust-pc-sdk.ot-leg-opt-out .leg-int-hdr{padding-right:10px}#onetrust-pc-sdk.ot-leg-opt-out #select-all-vendors-leg-input-container{display:block;width:21px;height:auto;float:right;position:relative;right:80px}#onetrust-pc-sdk.ot-leg-opt-out #select-all-vendors-leg-input-container label{position:absolute}#onetrust-pc-sdk.ot-leg-opt-out .ot-vendor-consent-tgl{margin-left:60px}#onetrust-pc-sdk.ot-leg-opt-out .ot-leg-int-tgl+.ot-arrow-container{margin-left:81px}#onetrust-pc-sdk.ot-leg-opt-out #vendor-list-content .ot-toggle-group{width:auto;top:auto}#onetrust-pc-sdk.ot-leg-opt-out #vendor-list-content .ot-checkbox{position:relative;display:inline-block;width:20px;height:25px}#onetrust-pc-sdk.ot-leg-opt-out #vendor-list-content .ot-checkbox label{position:absolute;padding:0;width:18px;height:18px}#onetrust-pc-sdk .ot-always-active-group .category-header{width:55%}#onetrust-pc-sdk .ot-accordion-group-pc-container+.ot-leg-btn-container{padding-left:20px;padding-right:15px;width:calc(100% - 35px);margin-bottom:10px}#onetrust-pc-sdk #vendors-list-container .ot-leg-btn-container{margin-top:10px}#onetrust-pc-sdk .ot-leg-btn-container{display:inline-block;width:100%;margin-bottom:10px}#onetrust-pc-sdk .ot-leg-btn-container button{height:auto;padding:6.5px 8px;margin-bottom:0;letter-spacing:0;line-height:normal}#onetrust-pc-sdk .ot-leg-btn-container svg{display:none;height:14px;width:14px;padding-right:5px;vertical-align:sub}#onetrust-pc-sdk .ot-active-leg-btn{cursor:default;pointer-events:none}#onetrust-pc-sdk .ot-active-leg-btn svg{display:inline-block}#onetrust-pc-sdk .ot-remove-objection-handler{border:none;text-decoration:underline;padding:0;font-size:.82em;font-weight:600;line-height:1.4;padding-left:10px}#onetrust-pc-sdk .ot-obj-leg-btn-handler span{font-weight:bold;text-align:center;font-size:.91em;line-height:1.5}#onetrust-pc-sdk.otPcCenter[dir=rtl] .accordion-text .vendor-option p{width:27%}#onetrust-pc-sdk.otPcCenter[dir=rtl] .category-header,#onetrust-pc-sdk.otPcCenter[dir=rtl] .category-vendors-list-container,#onetrust-pc-sdk.otPcCenter[dir=rtl] .ot-toggle-group .ot-checkbox,#onetrust-pc-sdk.otPcCenter[dir=rtl] .ot-group-option,#onetrust-pc-sdk.otPcCenter[dir=rtl] .ot-checkbox label{float:left}#onetrust-pc-sdk.otPcCenter[dir=rtl] input~.accordion-header .ot-arrow{transform:rotate(180deg);-o-transform:rotate(180deg);-ms-transform:rotate(180deg);-webkit-transform:rotate(180deg)}#onetrust-pc-sdk.otPcCenter[dir=rtl] input:checked~.accordion-header .ot-arrow{transform:rotate(270deg);-o-transform:rotate(270deg);-ms-transform:rotate(270deg);-webkit-transform:rotate(270deg)}#onetrust-pc-sdk.otPcCenter[dir=rtl] #search-container svg{right:52px}#onetrust-pc-sdk.otPcCenter[dir=rtl] #ot-back-arrow{transform:rotate(180deg);-o-transform:rotate(180deg);-ms-transform:rotate(180deg);-webkit-transform:rotate(180deg)}#onetrust-pc-sdk.otPcCenter[dir=rtl] .ot-checkbox label::after{transform:rotate(45deg);-webkit-transform:rotate(45deg);-o-transform:rotate(45deg);-ms-transform:rotate(45deg);border-left:0;border-right:3px solid}@media only screen and (min-width: 389px)and (max-width: 600px){#onetrust-pc-sdk #select-all-container .ot-checkbox{margin-right:18.5%}#onetrust-pc-sdk #ot-options{max-width:335px}}@media only screen and (max-width: 600px){#onetrust-pc-sdk.ot-leg-opt-out #select-all-container .ot-checkbox{right:28px;width:calc(100% - 28px)}#onetrust-pc-sdk .vendor-purposes{transform:translate(50%, 150%);-o-transform:translate(50%, 150%);-ms-transform:translate(50%, 150%);-webkit-transform:translate(50%, 150%)}#onetrust-pc-sdk #ot-content{margin:0 3px 0 20px;padding-right:10px;width:calc(100% - 33px)}#onetrust-pc-sdk #close-pc-btn-handler,#onetrust-pc-sdk #vendor-close-pc-btn-handler{top:10px;right:17px}#onetrust-pc-sdk #vendor-list-content .ot-sdk-column{padding-right:0}#onetrust-pc-sdk #vendor-list-save-btn{width:87%;left:20px;padding-left:0px;top:20px}#onetrust-pc-sdk #pc-title{font-size:1.2em}#onetrust-pc-sdk p{font-size:.7em}#onetrust-pc-sdk .ot-arrow{margin-left:10px}#onetrust-pc-sdk #vendors-list-header{margin:10px 10px 0 5px;width:100%}#onetrust-pc-sdk #vendor-search-handler{margin-left:15px;width:75%;max-width:325px}#onetrust-pc-sdk #no-results p,#onetrust-pc-sdk #vendors-list-title{width:90vw}#onetrust-pc-sdk input{font-size:1em !important}#onetrust-pc-sdk #ot-back-arrow{margin-left:12px}#onetrust-pc-sdk #vendor-list-content{margin:0;padding:0 5px 0 10px;min-width:95%}#onetrust-pc-sdk #select-all-container{max-width:90%;min-width:95%}#onetrust-pc-sdk #select-all-container .ot-checkbox{margin-right:21px}#onetrust-pc-sdk .switch+p{max-width:80%}#onetrust-pc-sdk button{width:100%}#onetrust-pc-sdk .button-theme{letter-spacing:.01em}#onetrust-pc-sdk #ot-options{left:20px;max-width:320px;width:100%;border-top-right-radius:0;border-bottom-right-radius:0}#onetrust-pc-sdk button.ot-pill{padding:9px;max-width:100px}#onetrust-pc-sdk .ot-group-option{margin-left:25px;margin-bottom:10px}#onetrust-pc-sdk .ot-pc-footer-logo{width:100%;text-align:center;margin-top:0px}#onetrust-pc-sdk .ot-pc-footer-logo a{width:auto}#onetrust-pc-sdk .hosts-list .back-btn-handler{padding-left:0px}#onetrust-pc-sdk .hosts-list #vendors-list-title{margin-left:20px}#onetrust-pc-sdk .host-list-content{margin-left:0px}#onetrust-pc-sdk .host-list-content+#vendor-list-save-btn{padding-left:0px;margin-top:25px}#onetrust-pc-sdk .hosts-list #vendor-search-handler{margin-left:15px}#onetrust-pc-sdk .ot-pc-refuse-all-handler.button-theme{margin-bottom:0}#onetrust-pc-sdk.otPcCenter{left:0;min-width:100%;height:100%;top:0;border-radius:0}#onetrust-pc-sdk.otPcCenter[dir=rtl]:not(.ot-leg-btn) #select-all-container .ot-checkbox{margin-right:46px}#onetrust-pc-sdk.otPcCenter[dir=rtl] input~.accordion-header .ot-arrow{transform:rotate(180deg);-o-transform:rotate(180deg);-ms-transform:rotate(180deg);-webkit-transform:rotate(180deg)}#onetrust-pc-sdk.otPcCenter[dir=rtl] input:checked~.accordion-header .ot-arrow{transform:rotate(270deg);-o-transform:rotate(270deg);-ms-transform:rotate(270deg);-webkit-transform:rotate(270deg)}}@media only screen and (max-width: 320px){#onetrust-pc-sdk #select-all-container .ot-checkbox{margin-right:28px}#onetrust-pc-sdk #filter-icon{margin-top:9px}#onetrust-pc-sdk #vendor-search-handler{width:72%}#onetrust-pc-sdk #search-container svg{right:40px}#onetrust-pc-sdk .vendor-purposes{transform:translate(20%, 150%);-o-transform:translate(20%, 150%);-ms-transform:translate(20%, 150%);-webkit-transform:translate(20%, 150%)}#onetrust-pc-sdk .vendor-option a{width:150px}#onetrust-pc-sdk .vendor-option a svg{width:14px}#onetrust-pc-sdk .back-btn-handler p{margin-bottom:0}#onetrust-pc-sdk #ot-options{width:88%}}@media only screen and (min-width: 600px)and (max-width: 896px)and (max-height: 425px)and (orientation: landscape){#onetrust-pc-sdk #ot-triangle{left:initial;right:40vw}#onetrust-pc-sdk .button-theme{letter-spacing:.02em}#onetrust-pc-sdk #select-all-container .ot-checkbox,#onetrust-pc-sdk.otPcCenter[dir=rtl] #select-all-container .ot-checkbox{margin-right:10px}#onetrust-pc-sdk #vendors-list-title{margin-top:12px}#onetrust-pc-sdk #vendors-list-title *{font-size:inherit}#onetrust-pc-sdk #vendor-list-save-btn{position:absolute;top:160px;right:0px}#onetrust-pc-sdk #vendor-list-save-btn button{max-width:150px;padding:6px 30px}#onetrust-pc-sdk #vendors-list-header input{margin-right:0;padding-right:45px}#onetrust-pc-sdk #vendor-search-handler{width:415px}#onetrust-pc-sdk .switch+p{max-width:85%}#onetrust-pc-sdk #select-all-container{max-width:none}#onetrust-pc-sdk #vendor-list-content{min-width:68%;width:68%;bottom:0;height:calc(100% - 190px)}#onetrust-pc-sdk #vendor-list-content.no-results{height:auto}#onetrust-pc-sdk input{font-size:1em !important}#onetrust-pc-sdk p{font-size:.6em}#onetrust-pc-sdk .vendor-option p{font-size:.6em}#onetrust-pc-sdk .vendor-option a{width:70px}#onetrust-pc-sdk #ot-filter-modal{width:100%;top:0}#onetrust-pc-sdk #ot-options{height:250px;width:100%}#onetrust-pc-sdk ul li p,#onetrust-pc-sdk .category-vendors-list-handler,#onetrust-pc-sdk .category-vendors-list-handler+a,#onetrust-pc-sdk .category-host-list-handler{font-size:.6em}#onetrust-pc-sdk.otPcCenter{left:0;top:0;min-width:100%;height:100%;border-radius:0}}
            #onetrust-consent-sdk #onetrust-pc-sdk,
                #onetrust-consent-sdk #search-container,
                #onetrust-consent-sdk #onetrust-pc-sdk .ot-switch.ot-toggle,
                #onetrust-consent-sdk #onetrust-pc-sdk group-toggle .checkbox,
                #onetrust-consent-sdk #onetrust-pc-sdk #pc-title:after
                 {
                    background-color: #FFFFFF;
                }
               
            #onetrust-consent-sdk #onetrust-pc-sdk h3,
                #onetrust-consent-sdk #onetrust-pc-sdk h4,
                #onetrust-consent-sdk #onetrust-pc-sdk h5,
                #onetrust-consent-sdk #onetrust-pc-sdk h6,
                #onetrust-consent-sdk #onetrust-pc-sdk p,
                #onetrust-consent-sdk #onetrust-pc-sdk #vendors-list-container .vendor-options p,
                #onetrust-consent-sdk #onetrust-pc-sdk #pc-policy-text,
                #onetrust-consent-sdk #onetrust-pc-sdk #pc-title,
                #onetrust-consent-sdk #onetrust-pc-sdk .leg-int-title,
                #onetrust-consent-sdk #onetrust-pc-sdk .leg-int-sel-all-hdr span,
                #onetrust-consent-sdk #onetrust-pc-sdk #hosts-list-container .vendor-host,
                #onetrust-consent-sdk #onetrust-pc-sdk #ot-filter-modal #modal-header,
                #onetrust-consent-sdk #onetrust-pc-sdk .ot-checkbox label span,
                #onetrust-consent-sdk #onetrust-pc-sdk #vendors-list #select-all-container p,
                #onetrust-consent-sdk #onetrust-pc-sdk #vendors-list #vendors-list-title,
                #onetrust-consent-sdk #onetrust-pc-sdk #vendors-list .back-btn-handler p,
                #onetrust-consent-sdk #onetrust-pc-sdk #vendors-list .vendor-title,
                #onetrust-consent-sdk #onetrust-pc-sdk #vendors-list #vendors-list-container .consent-category,
                #onetrust-consent-sdk #onetrust-pc-sdk .ot-leg-btn-container .ot-inactive-leg-btn,
                #onetrust-consent-sdk #onetrust-pc-sdk .ot-label-status,
                #onetrust-consent-sdk #onetrust-pc-sdk .ot-chkbox label span,
                #onetrust-consent-sdk #onetrust-pc-sdk #clear-filters-handler 
                {
                    color: #696969;
                }
             #onetrust-consent-sdk #onetrust-pc-sdk .privacy-notice-link,
                    #onetrust-consent-sdk #onetrust-pc-sdk .category-vendors-list-handler,
                    #onetrust-consent-sdk #onetrust-pc-sdk .category-vendors-list-handler + a,
                    #onetrust-consent-sdk #onetrust-pc-sdk .category-host-list-handler,
                    #onetrust-consent-sdk #onetrust-pc-sdk .vendor-privacy-notice,
                    #onetrust-consent-sdk #onetrust-pc-sdk #hosts-list-container .host-title a,
                    #onetrust-consent-sdk #onetrust-pc-sdk #hosts-list-container .accordion-header .host-view-cookies,
                    #onetrust-consent-sdk #onetrust-pc-sdk #hosts-list-container .vendor-host a,
                    #onetrust-consent-sdk #onetrust-pc-sdk #ot-content #pc-policy-text .ot-link-btn
                    {
                        color: #3860BE;
                    }
            #onetrust-consent-sdk #onetrust-pc-sdk .category-vendors-list-handler:hover { opacity: .7;}
            
             #onetrust-consent-sdk #onetrust-pc-sdk #hosts-list-container .vendor-host,
                    #onetrust-consent-sdk #onetrust-pc-sdk .accordion-text .vendor-options
                            {
                                background-color: #F8F8F8;
                            }
        #onetrust-consent-sdk #onetrust-pc-sdk 
            button:not(#clear-filters-handler):not(.ot-close-icon):not(#filter-btn-handler):not(.ot-remove-objection-handler):not(.ot-obj-leg-btn-handler):not([aria-expanded]):not(.ot-link-btn),
            #onetrust-consent-sdk #onetrust-pc-sdk .ot-leg-btn-container .ot-active-leg-btn {
                background-color: #6CC04A;border-color: #6CC04A;
                color: #FFFFFF;
            }
            #onetrust-consent-sdk #onetrust-pc-sdk .active-group {
                border-color: #6CC04A;
            }
            
            #onetrust-consent-sdk #onetrust-pc-sdk .ot-leg-btn-container .ot-remove-objection-handler{
                background-color: transparent;
                border: 1px solid transparent;
            }
            #onetrust-consent-sdk #onetrust-pc-sdk .ot-leg-btn-container .ot-inactive-leg-btn {
                background-color: #FFFFFF;
                color: #78808E; border-color: #78808E;
            }
            
            #onetrust-consent-sdk #onetrust-pc-sdk .ot-tgl input:focus + .ot-switch, .ot-switch .ot-switch-nob, .ot-switch .ot-switch-nob:before,
            #onetrust-pc-sdk .ot-checkbox input[type="checkbox"]:focus + label::before,
            #onetrust-pc-sdk .ot-chkbox input[type="checkbox"]:focus + label::before {
                outline-color: #000000;
                outline-width: 1px;
            }
            #onetrust-pc-sdk .ot-host-item > button:focus, #onetrust-pc-sdk .ot-ven-item > button:focus {
                border: 1px solid #000000;
            }
            #onetrust-consent-sdk #onetrust-pc-sdk *:focus,
            #onetrust-consent-sdk #onetrust-pc-sdk .ot-vlst-cntr > a:focus {
               outline: 1px solid #000000;
            }
            #onetrust-pc-sdk input[type="checkbox"]:focus + .accordion-header,
            #onetrust-pc-sdk .category-item .ot-switch.ot-toggle input:focus + .ot-switch-label,
            #onetrust-pc-sdk .checkbox input:focus + label::after {
                outline-color: #000000;
                outline-width: 1px;
            }/*CHECKBOXES*/
#onetrust-consent-sdk .ot-main-content .accordion-text {
  /* Override Onetrust CSS */
  /* Override Onetrust CSS */ }
  #onetrust-consent-sdk .ot-main-content .accordion-text.category-item .ot-switch.ot-toggle input:focus + .ot-switch-label {
    outline: none !important; }
  #onetrust-consent-sdk .ot-main-content .accordion-text .ot-switch.ot-toggle {
    position: relative;
    float: right;
    line-height: 31px;
    margin-right: -10px; }
  #onetrust-consent-sdk .ot-main-content .accordion-text .ot-switch.ot-toggle input {
    margin: 0px;
    margin-top: 1px;
    cursor: pointer;
    opacity: 0;
    position: absolute;
    z-index: 1;
    top: 0px;
    left: 0px;
    background: #e3000b;
    width: 40px;
    height: 20px; }
  #onetrust-consent-sdk .ot-main-content .accordion-text .ot-switch.ot-toggle input:checked + label:before {
    background-color: #fff;
    border: 2px solid #009738;
    content: "";
    padding-left: 6px; }
  #onetrust-consent-sdk .ot-main-content .accordion-text .ot-switch.ot-toggle input:checked + label:after {
    left: 17px;
    background: url("data:image/svg+xml;base64,PD94bWwgdmVyc2lvbj0iMS4wIiBlbmNvZGluZz0iVVRGLTgiPz4KPHN2ZyB4bWxucz0iaHR0cDovL3d3dy53My5vcmcvMjAwMC9zdmciIHhtbG5zOnhsaW5rPSJodHRwOi8vd3d3LnczLm9yZy8xOTk5L3hsaW5rIiB2aWV3Qm94PSIwIDAgMzIgMzIiPjxkZWZzPjxwYXRoIGlkPSJhIiBkPSJNMjUuOTEgOS4wMjlsLTEuMTctLjk3YS4yNTcuMjU3IDAgMCAwLS4zNTkuMDNMMTMuNzQ3IDIwLjQ1MyA3LjYyIDEzLjA4OWEuMjU4LjI1OCAwIDAgMC0uMzYtLjAzbC0xLjE3Ljk2OWEuMjQ3LjI0NyAwIDAgMC0uMDMuMzUzbDYuOTA2IDguMjY0YTEuMDM3IDEuMDM3IDAgMCAwIDEuNTYyIDBMMjUuOTM5IDkuMzhhLjI0Ni4yNDYgMCAwIDAtLjAzLS4zNTIiIGZpbGw9IiNmZmZmZmYiLz48L2RlZnM+PHVzZSBmaWxsPSIjM0EzQTNBIiBmaWxsLXJ1bGU9ImV2ZW5vZGQiIHhsaW5rOmhyZWY9IiNhIi8+PC9zdmc+Cg==");
    background-color: #009738;
    content: "";
    background-repeat: no-repeat;
    background-size: 80%;
    background-position: center; }
  #onetrust-consent-sdk .ot-main-content .accordion-text .ot-switch.ot-toggle label {
    position: relative;
    padding-left: 46px;
    outline: none; }
  #onetrust-consent-sdk .ot-main-content .accordion-text .ot-switch.ot-toggle label:before,
  #onetrust-consent-sdk .ot-main-content .accordion-text .ot-switch.ot-toggle label:after {
    position: absolute;
    border-radius: 10px;
    transition: background-color 0.3s, left 0.3s; }
  #onetrust-consent-sdk .ot-main-content .accordion-text .ot-switch.ot-toggle label:before {
    content: "";
    border: 2px solid #bdbbb9;
    color: #fff;
    box-sizing: border-box;
    font-family: "FontAwesome", sans-serif;
    padding-left: 23px;
    font-size: 12px;
    line-height: 20px;
    background-color: #fff;
    left: 0px;
    top: 0.7px;
    height: 14px;
    width: 34px;
    border-radius: 10px; }
  #onetrust-consent-sdk .ot-main-content .accordion-text .ot-switch.ot-toggle label:after {
    letter-spacing: 20px;
    background: #fff;
    height: 18px;
    letter-spacing: 0px;
    content: "";
    background: url("data:image/svg+xml;base64,PD94bWwgdmVyc2lvbj0iMS4wIiBlbmNvZGluZz0iVVRGLTgiPz4KPHN2ZyB4bWxucz0iaHR0cDovL3d3dy53My5vcmcvMjAwMC9zdmciIHhtbG5zOnhsaW5rPSJodHRwOi8vd3d3LnczLm9yZy8xOTk5L3hsaW5rIiB2aWV3Qm94PSIwIDAgMzIgMzIiPjxkZWZzPjxwYXRoIGlkPSJhIiBkPSJNMTcuOTE1IDE2LjUwMWw2LjAxLTYuMDA5YS4yNi4yNiAwIDAgMCAwLS4zNjZsLTEuMDUxLTEuMDVhLjI1OC4yNTggMCAwIDAtLjM2NiAwTDE2LjUgMTUuMDg0bC02LjAwNy02LjAwOWEuMjYuMjYgMCAwIDAtLjM2NiAwTDkuMDggMTAuMTIxYS4yNTcuMjU3IDAgMCAwIDAgLjM3MWw2LjAwNSA2LjAwNy02LjAxIDYuMDA5YS4yNTguMjU4IDAgMCAwIDAgLjM2NWwxLjA1MSAxLjA1Yy4xLjEwMi4yNjUuMTAyLjM2NiAwbDYuMDA4LTYuMDA4IDYuMDA4IDYuMDFjLjEuMS4yNjYuMS4zNjYgMGwxLjA0Ni0xLjA1MmEuMjUxLjI1MSAwIDAgMCAwLS4zNjVsLTYuMDA1LTYuMDA3eiIgZmlsbD0iI2ZmZmZmZiIvPjwvZGVmcz48dXNlIGZpbGw9IiMzQTNBM0EiIGZpbGwtcnVsZT0iZXZlbm9kZCIgeGxpbms6aHJlZj0iI2EiLz48L3N2Zz4K");
    background-color: #bdbbb9;
    background-size: 8 #fff;
    background-position: center;
    left: -3px;
    top: -2px;
    height: 20px;
    width: 20px;
    border-radius: 50%;
    font-family: "FontAwesome", sans-serif;
    color: #fff;
    text-align: center;
    font-size: 14px;
    line-height: 25px; }
  #onetrust-consent-sdk .ot-main-content .accordion-text .ot-switch-nob {
    display: none !important; }
  #onetrust-consent-sdk .ot-main-content .accordion-text .ot-switch-label {
    border: none !important;
    overflow: visible !important;
    background: transparent !important;
    outline: none !important; }

html.tabnav-active #onetrust-consent-sdk .main-content .accordion-text.category-item .ot-switch.ot-toggle input:focus + .switch-label {
  outline: 2px solid #f088b6 !important; }
 @media only screen and (min-device-width: 320px) and (max-device-width: 480px) and (-webkit-min-device-pixel-ratio: 2) and (orientation: portrait) {
    #onetrust-pc-sdk {
      max-height: 510px;
      top: 45px !important; } }
  @media only screen and (min-device-width: 320px) and (max-device-width: 568px) and (-webkit-min-device-pixel-ratio: 2) and (orientation: portrait) {
    #onetrust-pc-sdk {
      max-height: 510px;
      top: 45px !important; } }
  @media only screen and (min-device-width: 375px) and (max-device-width: 812px) and (-webkit-min-device-pixel-ratio: 3) and (orientation: portrait) {
    #onetrust-pc-sdk {
      max-height: 640px;
      top: 45px !important; } }
  @media only screen and (min-device-width: 768px) and (max-device-width: 1024px) and (orientation: portrait) and (-webkit-min-device-pixel-ratio: 1) {
    #onetrust-pc-sdk {
      max-height: 780px !important; } }
  @media only screen and (min-device-width: 768px) and (max-device-width: 1024px) and (orientation: landscape) and (-webkit-min-device-pixel-ratio: 1) {
    #onetrust-pc-sdk {
      max-height: 675px !important; } }
  @media only screen and (min-device-width: 768px) and (max-device-width: 1024px) and (orientation: portrait) and (-webkit-min-device-pixel-ratio: 2) {
    #onetrust-pc-sdk {
      max-height: 780px !important; } }
  @media only screen and (min-device-width: 768px) and (max-device-width: 1024px) and (orientation: landscape) and (-webkit-min-device-pixel-ratio: 2) {
    #onetrust-pc-sdk {
      max-height: 675px !important; } }
  @media only screen and (min-device-width: 834px) and (max-device-width: 834px) and (orientation: portrait) and (-webkit-min-device-pixel-ratio: 2) {
    #onetrust-pc-sdk {
      max-height: 780px !important; } }
  @media only screen and (min-device-width: 1112px) and (max-device-width: 1112px) and (orientation: landscape) and (-webkit-min-device-pixel-ratio: 2) {
    #onetrust-pc-sdk {
      max-height: 675px !important; } }
  @media only screen and (min-device-width: 1024px) and (max-device-width: 1024px) and (orientation: portrait) and (-webkit-min-device-pixel-ratio: 2) {
    #onetrust-pc-sdk {
      max-height: 780px !important; } }
  @media only screen and (min-device-width: 1366px) and (max-device-width: 1366px) and (orientation: landscape) and (-webkit-min-device-pixel-ratio: 2) {
    #onetrust-pc-sdk {
      max-height: 675px !important; } }

/*Override One Trust to match ICA brand*/
/*Hide default elements that we will not use*/
.pc-logo-container,
.pc-footer-logo,
.always-active,
#manage-cookies-text {
  display: none !important; }

#onetrust-consent-sdk #onetrust-pc-sdk {
  /* Desktop*/ }
  #onetrust-consent-sdk #onetrust-pc-sdk.otPcCenter {
    border-radius: 4px;
    top: 8px;
    bottom: 8px;
    left: 8px;
    right: 8px;
    min-width: calc(100% - 16px);
    height: calc(100% - 16px);
    /* width */
    /* width */
    /* height */ }
    @media all and (min-width: 375px) {
      #onetrust-consent-sdk #onetrust-pc-sdk.otPcCenter {
        left: 16px;
        right: 16px;
        min-width: 343px; } }
    @media all and (min-width: 768px) {
      #onetrust-consent-sdk #onetrust-pc-sdk.otPcCenter {
        min-width: 501px;
        max-height: 740px !important; } }
    @media all and (min-width: 1024px) {
      #onetrust-consent-sdk #onetrust-pc-sdk.otPcCenter {
        min-width: 508px; } }
    @media all and (min-width: 1280px) {
      #onetrust-consent-sdk #onetrust-pc-sdk.otPcCenter {
        min-width: 640px; } }
    @media all and (min-height: 660px) {
      #onetrust-consent-sdk #onetrust-pc-sdk.otPcCenter {
        top: 25px;
        bottom: 25px;
        height: calc(100% - 50px);
        max-height: 740px !important; } }
  #onetrust-consent-sdk #onetrust-pc-sdk .ot-main-content {
    /*Container*/
    overflow-x: hidden;
    margin: 0;
    padding: 0;
    width: 100%;
    top: 0;
    bottom: 0;
    overflow-y: auto;
    border-radius: 4px;
    /*CATEGORIES*/
    /*TITLE */
    /* BUTTON */
    /*READ MORE LINK*/ }
    #onetrust-consent-sdk #onetrust-pc-sdk .ot-main-content .category-header {
      min-width: 200px;
      color: #3a3a3a;
      font-family: "ICA Text Ny", Arial, sans-serif;
      font-size: 16px;
      font-weight: bold;
      line-height: 24px;
      margin: 0; }
    #onetrust-consent-sdk #onetrust-pc-sdk .ot-main-content .category-item p {
      color: #3a3a3a;
      font-family: "ICA Text Ny", Arial, sans-serif;
      font-size: 16px;
      line-height: 24px;
      margin: 0; }
    #onetrust-consent-sdk #onetrust-pc-sdk .ot-main-content #pc-title {
      box-sizing: border-box;
      background-color: #fff !important;
      margin: 0;
      padding: 24px 16px 0;
      margin-bottom: 8px;
      text-align: center; }
      @media all and (min-width: 768px) {
        #onetrust-consent-sdk #onetrust-pc-sdk .ot-main-content #pc-title {
          padding: 24px 24px 0; } }
    #onetrust-consent-sdk #onetrust-pc-sdk .ot-main-content #pc-title span.icaot-h1 {
      display: block;
      margin: 0;
      padding: 0;
      text-align: left;
      color: #3a3a3a;
      font-family: "ICA Rubrik", Arial, sans-serif;
      font-size: 24px;
      font-weight: bold;
      line-height: 32px; }
      @media all and (min-width: 1024px) {
        #onetrust-consent-sdk #onetrust-pc-sdk .ot-main-content #pc-title span.icaot-h1 {
          font-size: 32px;
          line-height: 40px; } }
    #onetrust-consent-sdk #onetrust-pc-sdk .ot-main-content #pc-policy-text {
      box-sizing: border-box;
      background-color: #fff !important;
      padding: 0px 16px 14px;
      margin: 0; }
      @media all and (min-width: 768px) {
        #onetrust-consent-sdk #onetrust-pc-sdk .ot-main-content #pc-policy-text {
          padding: 0px 24px 24px; } }
      #onetrust-consent-sdk #onetrust-pc-sdk .ot-main-content #pc-policy-text .icaot-preamble {
        margin: 0;
        color: #3a3a3a;
        font-family: "ICA Text Ny", Arial, sans-serif;
        font-size: 16px;
        font-weight: normal;
        line-height: 24px;
        text-align: left;
        display: inline; }
    #onetrust-consent-sdk #onetrust-pc-sdk .ot-main-content #cookie-preferences {
      box-sizing: border-box;
      padding: 0 16px;
      margin-top: 14px !important; }
      @media all and (min-width: 768px) {
        #onetrust-consent-sdk #onetrust-pc-sdk .ot-main-content #cookie-preferences {
          margin-top: 14px !important;
          padding: 0 24px; } }
    #onetrust-consent-sdk #onetrust-pc-sdk .ot-main-content .save-preference-btn-container {
      background-color: #fff;
      border-top: solid 1px #ededed;
      padding: 16px 16px;
      width: 100%;
      position: -webkit-sticky;
      position: sticky;
      bottom: 0; }
      @media only screen and (min-device-width: 767px) {
        #onetrust-consent-sdk #onetrust-pc-sdk .ot-main-content .save-preference-btn-container {
          margin-left: -24px;
          margin-top: 16px; } }
      @media only screen and (max-device-width: 767px) {
        #onetrust-consent-sdk #onetrust-pc-sdk .ot-main-content .save-preference-btn-container {
          margin: 0px -16px; } }
      @media only screen and (max-device-width: 767px) {
        #onetrust-consent-sdk #onetrust-pc-sdk .ot-main-content .save-preference-btn-container {
          margin-left: -16px; } }
      @media all and (min-width: 768px) {
        #onetrust-consent-sdk #onetrust-pc-sdk .ot-main-content .save-preference-btn-container {
          padding: 24px; } }
    #onetrust-consent-sdk #onetrust-pc-sdk .ot-main-content a.privacy-notice-link {
      font-family: "ICA Text Ny", Arial, sans-serif;
      font-size: 16px;
      display: inline !important;
      font-weight: bold;
      margin: 0; }
      #onetrust-consent-sdk #onetrust-pc-sdk .ot-main-content a.privacy-notice-link:after {
        content: ".";
        color: #3a3a3a; }
    #onetrust-consent-sdk #onetrust-pc-sdk .ot-main-content div.accordion-text.category-item:not(:first-of-type) {
      border-top: solid 1px #ededed;
      padding-top: 16px; }
      #onetrust-consent-sdk #onetrust-pc-sdk .ot-main-content div.accordion-text.category-item:not(:first-of-type) P {
        padding-right: 16px; }
        @media (min-width: 1281px) {
          #onetrust-consent-sdk #onetrust-pc-sdk .ot-main-content div.accordion-text.category-item:not(:first-of-type) P {
            padding-right: 68px; } }
        @media (min-width: 1025px) and (max-width: 1280px) {
          #onetrust-consent-sdk #onetrust-pc-sdk .ot-main-content div.accordion-text.category-item:not(:first-of-type) P {
            padding-right: 68px; } }
    #onetrust-consent-sdk #onetrust-pc-sdk .ot-main-content .ot-sdk-column {
      padding: 0 16px; }
      @media all and (min-width: 768px) {
        #onetrust-consent-sdk #onetrust-pc-sdk .ot-main-content .ot-sdk-column {
          padding: 0 24px; } }
    #onetrust-consent-sdk #onetrust-pc-sdk .ot-main-content .ot-always-active {
      display: none !important; }
    #onetrust-consent-sdk #onetrust-pc-sdk .ot-main-content #accept-recommended-btn-handler,
    #onetrust-consent-sdk #onetrust-pc-sdk .ot-main-content .save-preference-btn-handler {
      width: 100%;
      margin: 0 auto;
      font-family: "ICA Text Ny", Arial, sans-serif;
      font-size: 16px;
      font-weight: 700;
      letter-spacing: normal;
      line-height: 1px;
      text-align: center;
      height: 48px;
      border-radius: 32px;
      display: block;
      box-shadow: none;
      border: none;
      cursor: pointer;
      max-width: none;
      float: none; }
      #onetrust-consent-sdk #onetrust-pc-sdk .ot-main-content #accept-recommended-btn-handler:hover,
      #onetrust-consent-sdk #onetrust-pc-sdk .ot-main-content .save-preference-btn-handler:hover {
        background-color: #f088b6;
        color: #fff; }
      #onetrust-consent-sdk #onetrust-pc-sdk .ot-main-content #accept-recommended-btn-handler:active,
      #onetrust-consent-sdk #onetrust-pc-sdk .ot-main-content .save-preference-btn-handler:active {
        background-color: #9b0600; }
  #onetrust-consent-sdk #onetrust-pc-sdk #accept-recommended-btn-handler {
    display: inline-block !important;
    background-color: #e13205 !important;
    color: #fff;
    opacity: 1 !important; }
  #onetrust-consent-sdk #onetrust-pc-sdk .save-preference-btn-handler {
    background-color: #fcece7 !important;
    color: #cf2e05 !important; }

html.tabnav-active #onetrust-consent-sdk .main-content button:focus,
html.tabnav-active #onetrust-consent-sdk .main-content a.privacy-notice-link:focus {
  outline: 2px solid #f088b6 !important; }

.ot-pc-footer-logo {
  display: none !important; }

#ot-sdk-btn.ot-sdk-show-settings {
        text-decoration: none;
        color: #626262 !important;
        border: none !important; 
        font-family: ICA Text,Arial,Helvetica,sans-serif !important;
        font-weight: 400 !important;
        font-size: 14px !important;
        line-height: 1.25rem !important;
        letter-spacing: .2px !important;
        list-style: none !important;
        padding: 0 !important; 
}

#ot-sdk-btn.ot-sdk-show-settings:hover {
color: #f088b6 !important;
background:none !important;
font-family: ICA Text,Arial,Helvetica,sans-serif !important;
        font-weight: 400 !important;
        font-size: 14px !important;
        line-height: 1.25rem !important;
        letter-spacing: .2px !important;
        list-style: none !important;
        padding: 0 !important; 
 }.ot-sdk-cookie-policy{font-family:inherit;font-size:16px}.ot-sdk-cookie-policy.otRelFont{font-size:1rem}.ot-sdk-cookie-policy h3,.ot-sdk-cookie-policy h4,.ot-sdk-cookie-policy h6,.ot-sdk-cookie-policy p,.ot-sdk-cookie-policy li,.ot-sdk-cookie-policy a,.ot-sdk-cookie-policy th,.ot-sdk-cookie-policy #cookie-policy-description,.ot-sdk-cookie-policy .ot-sdk-cookie-policy-group,.ot-sdk-cookie-policy #cookie-policy-title{color:dimgray}.ot-sdk-cookie-policy #cookie-policy-description{margin-bottom:1em}.ot-sdk-cookie-policy h4{font-size:1.2em}.ot-sdk-cookie-policy h6{font-size:1em;margin-top:2em}.ot-sdk-cookie-policy th{min-width:75px}.ot-sdk-cookie-policy a,.ot-sdk-cookie-policy a:hover{background:#fff}.ot-sdk-cookie-policy thead{background-color:#f6f6f4;font-weight:bold}.ot-sdk-cookie-policy .ot-mobile-border{display:none}.ot-sdk-cookie-policy section{margin-bottom:2em}.ot-sdk-cookie-policy table{border-collapse:inherit}#ot-sdk-cookie-policy-v2.ot-sdk-cookie-policy{font-family:inherit;font-size:1rem}#ot-sdk-cookie-policy-v2.ot-sdk-cookie-policy h3,#ot-sdk-cookie-policy-v2.ot-sdk-cookie-policy h4,#ot-sdk-cookie-policy-v2.ot-sdk-cookie-policy h6,#ot-sdk-cookie-policy-v2.ot-sdk-cookie-policy p,#ot-sdk-cookie-policy-v2.ot-sdk-cookie-policy li,#ot-sdk-cookie-policy-v2.ot-sdk-cookie-policy a,#ot-sdk-cookie-policy-v2.ot-sdk-cookie-policy th,#ot-sdk-cookie-policy-v2.ot-sdk-cookie-policy #cookie-policy-description,#ot-sdk-cookie-policy-v2.ot-sdk-cookie-policy .ot-sdk-cookie-policy-group,#ot-sdk-cookie-policy-v2.ot-sdk-cookie-policy #cookie-policy-title{color:dimgray}#ot-sdk-cookie-policy-v2.ot-sdk-cookie-policy #cookie-policy-description{margin-bottom:1em}#ot-sdk-cookie-policy-v2.ot-sdk-cookie-policy .ot-sdk-subgroup{margin-left:1.5em}#ot-sdk-cookie-policy-v2.ot-sdk-cookie-policy #cookie-policy-description,#ot-sdk-cookie-policy-v2.ot-sdk-cookie-policy .ot-sdk-cookie-policy-group-desc,#ot-sdk-cookie-policy-v2.ot-sdk-cookie-policy .ot-table-header,#ot-sdk-cookie-policy-v2.ot-sdk-cookie-policy a,#ot-sdk-cookie-policy-v2.ot-sdk-cookie-policy span,#ot-sdk-cookie-policy-v2.ot-sdk-cookie-policy td{font-size:.9em}#ot-sdk-cookie-policy-v2.ot-sdk-cookie-policy td span,#ot-sdk-cookie-policy-v2.ot-sdk-cookie-policy td a{font-size:inherit}#ot-sdk-cookie-policy-v2.ot-sdk-cookie-policy .ot-sdk-cookie-policy-group{font-size:1em;margin-bottom:.6em}#ot-sdk-cookie-policy-v2.ot-sdk-cookie-policy .ot-sdk-cookie-policy-title{margin-bottom:1.2em}#ot-sdk-cookie-policy-v2.ot-sdk-cookie-policy>section{margin-bottom:1em}#ot-sdk-cookie-policy-v2.ot-sdk-cookie-policy th{min-width:75px}#ot-sdk-cookie-policy-v2.ot-sdk-cookie-policy a,#ot-sdk-cookie-policy-v2.ot-sdk-cookie-policy a:hover{background:#fff}#ot-sdk-cookie-policy-v2.ot-sdk-cookie-policy thead{background-color:#f6f6f4;font-weight:bold}#ot-sdk-cookie-policy-v2.ot-sdk-cookie-policy .ot-mobile-border{display:none}#ot-sdk-cookie-policy-v2.ot-sdk-cookie-policy section{margin-bottom:2em}#ot-sdk-cookie-policy-v2.ot-sdk-cookie-policy .ot-sdk-subgroup ul li{list-style:disc;margin-left:1.5em}#ot-sdk-cookie-policy-v2.ot-sdk-cookie-policy .ot-sdk-subgroup ul li h4{display:inline-block}#ot-sdk-cookie-policy-v2.ot-sdk-cookie-policy table{border-collapse:inherit;margin:auto;border:1px solid #d7d7d7;border-radius:5px;border-spacing:initial;width:100%;overflow:hidden}#ot-sdk-cookie-policy-v2.ot-sdk-cookie-policy table th,#ot-sdk-cookie-policy-v2.ot-sdk-cookie-policy table td{border-bottom:1px solid #d7d7d7;border-right:1px solid #d7d7d7}#ot-sdk-cookie-policy-v2.ot-sdk-cookie-policy table tr:last-child td{border-bottom:0px}#ot-sdk-cookie-policy-v2.ot-sdk-cookie-policy table tr th:last-child,#ot-sdk-cookie-policy-v2.ot-sdk-cookie-policy table tr td:last-child{border-right:0px}#ot-sdk-cookie-policy-v2.ot-sdk-cookie-policy table .ot-host,#ot-sdk-cookie-policy-v2.ot-sdk-cookie-policy table .ot-cookies-type{width:25%}.ot-sdk-cookie-policy[dir=rtl]{text-align:left}#ot-sdk-cookie-policy h3{font-size:1.5em}@media only screen and (max-width: 530px){.ot-sdk-cookie-policy:not(#ot-sdk-cookie-policy-v2) table,.ot-sdk-cookie-policy:not(#ot-sdk-cookie-policy-v2) thead,.ot-sdk-cookie-policy:not(#ot-sdk-cookie-policy-v2) tbody,.ot-sdk-cookie-policy:not(#ot-sdk-cookie-policy-v2) th,.ot-sdk-cookie-policy:not(#ot-sdk-cookie-policy-v2) td,.ot-sdk-cookie-policy:not(#ot-sdk-cookie-policy-v2) tr{display:block}.ot-sdk-cookie-policy:not(#ot-sdk-cookie-policy-v2) thead tr{position:absolute;top:-9999px;left:-9999px}.ot-sdk-cookie-policy:not(#ot-sdk-cookie-policy-v2) tr{margin:0 0 1em 0}.ot-sdk-cookie-policy:not(#ot-sdk-cookie-policy-v2) tr:nth-child(odd),.ot-sdk-cookie-policy:not(#ot-sdk-cookie-policy-v2) tr:nth-child(odd) a{background:#f6f6f4}.ot-sdk-cookie-policy:not(#ot-sdk-cookie-policy-v2) td{border:none;border-bottom:1px solid #eee;position:relative;padding-left:50%}.ot-sdk-cookie-policy:not(#ot-sdk-cookie-policy-v2) td:before{position:absolute;height:100%;left:6px;width:40%;padding-right:10px}.ot-sdk-cookie-policy:not(#ot-sdk-cookie-policy-v2) .ot-mobile-border{display:inline-block;background-color:#e4e4e4;position:absolute;height:100%;top:0;left:45%;width:2px}.ot-sdk-cookie-policy:not(#ot-sdk-cookie-policy-v2) td:before{content:attr(data-label);font-weight:bold}.ot-sdk-cookie-policy:not(#ot-sdk-cookie-policy-v2) li{word-break:break-word;word-wrap:break-word}#ot-sdk-cookie-policy-v2.ot-sdk-cookie-policy table{overflow:hidden}#ot-sdk-cookie-policy-v2.ot-sdk-cookie-policy table td{border:none;border-bottom:1px solid #d7d7d7}#ot-sdk-cookie-policy-v2.ot-sdk-cookie-policy table,#ot-sdk-cookie-policy-v2.ot-sdk-cookie-policy thead,#ot-sdk-cookie-policy-v2.ot-sdk-cookie-policy tbody,#ot-sdk-cookie-policy-v2.ot-sdk-cookie-policy th,#ot-sdk-cookie-policy-v2.ot-sdk-cookie-policy td,#ot-sdk-cookie-policy-v2.ot-sdk-cookie-policy tr{display:block}#ot-sdk-cookie-policy-v2.ot-sdk-cookie-policy table .ot-host,#ot-sdk-cookie-policy-v2.ot-sdk-cookie-policy table .ot-cookies-type{width:auto}#ot-sdk-cookie-policy-v2.ot-sdk-cookie-policy tr{margin:0 0 1em 0}#ot-sdk-cookie-policy-v2.ot-sdk-cookie-policy td:before{height:100%;width:40%;padding-right:10px}#ot-sdk-cookie-policy-v2.ot-sdk-cookie-policy td:before{content:attr(data-label);font-weight:bold}#ot-sdk-cookie-policy-v2.ot-sdk-cookie-policy li{word-break:break-word;word-wrap:break-word}#ot-sdk-cookie-policy-v2.ot-sdk-cookie-policy thead tr{position:absolute;top:-9999px;left:-9999px;z-index:-9999}#ot-sdk-cookie-policy-v2.ot-sdk-cookie-policy table tr:last-child td{border-bottom:1px solid #d7d7d7;border-right:0px}#ot-sdk-cookie-policy-v2.ot-sdk-cookie-policy table tr:last-child td:last-child{border-bottom:0px}}
                
                    #ot-sdk-cookie-policy-v2.ot-sdk-cookie-policy h5,
                    #ot-sdk-cookie-policy-v2.ot-sdk-cookie-policy h6,
                    #ot-sdk-cookie-policy-v2.ot-sdk-cookie-policy li,
                    #ot-sdk-cookie-policy-v2.ot-sdk-cookie-policy p,
                    #ot-sdk-cookie-policy-v2.ot-sdk-cookie-policy a,
                    #ot-sdk-cookie-policy-v2.ot-sdk-cookie-policy span,
                    #ot-sdk-cookie-policy-v2.ot-sdk-cookie-policy td,
                    #ot-sdk-cookie-policy-v2.ot-sdk-cookie-policy #cookie-policy-description {
                        color: #696969;
                    }
                    #ot-sdk-cookie-policy-v2.ot-sdk-cookie-policy th {
                        color: #696969;
                    }
                    #ot-sdk-cookie-policy-v2.ot-sdk-cookie-policy .ot-sdk-cookie-policy-group {
                        color: #696969;
                    }
                    
                    #ot-sdk-cookie-policy-v2.ot-sdk-cookie-policy #cookie-policy-title {
                            color: #696969;
                        }
                    
            
                    #ot-sdk-cookie-policy-v2.ot-sdk-cookie-policy table th {
                            background-color: #F8F8F8;
                        }
                    
            #ot-sdk-cookie-policy-v2.ot-sdk-cookie-policy .ot-sdk-cookie-policy-title {
    font-family: "ICA Rubrik", Arial, Helvetica, sans-serif;
    font-weight: 600;
    font-size: 1.25rem;
    line-height: 1.75rem;
    letter-spacing: 0.0125rem;
    margin: 0 0 0.5rem 0;
}
#ot-sdk-cookie-policy-v2.ot-sdk-cookie-policy a {
-webkit-transition-property: color,background-color,fill;
    transition-property: color,background-color,fill;
    -webkit-transition-duration: .1s;
    transition-duration: .1s;
    -webkit-transition-timing-function: ease-in-out;
    transition-timing-function: ease-in-out;
    color: #cf2e05;
    cursor: pointer;
    text-decoration: none;
font-weight: 600;
}
#ot-sdk-cookie-policy-v2.ot-sdk-cookie-policy a:hover {
color: #f088b6;
}
#ot-sdk-cookie-policy-v2.ot-sdk-cookie-policy a:active {
    color: #9b0600;
}
#ot-sdk-cookie-policy-v2.ot-sdk-cookie-policy .ot-sdk-cookie-policy-group {
  font-family: "ICA Rubrik", Arial, Helvetica, sans-serif;
    font-weight: 600;
  font-size: 1.25rem;
    line-height: 1.5rem;
    letter-spacing: 0.0125rem;
margin-bottom: 0.5rem;
}
 #ot-sdk-cookie-policy-v2.ot-sdk-cookie-policy .ot-sdk-cookie-policy-group-desc, #ot-sdk-cookie-policy-v2.ot-sdk-cookie-policy .ot-sdk-cookie-policy-group, #ot-sdk-cookie-policy-v2.ot-sdk-cookie-policy #cookie-policy-title, #ot-sdk-cookie-policy-v2.ot-sdk-cookie-policy #cookie-policy-description {
    padding: 0 1.5rem;
  }
#ot-sdk-cookie-policy-v2.ot-sdk-cookie-policy #cookie-policy-description, #ot-sdk-cookie-policy-v2.ot-sdk-cookie-policy .ot-sdk-cookie-policy-group-desc {
font-family: "ICA Text", Arial, Helvetica, sans-serif;
    font-weight: 400;
    font-size: 1rem;
    line-height: 1.5rem;
    letter-spacing: 0.0125rem;
    margin: 0 0 1.5rem 0;
}
#ot-sdk-cookie-policy-v2.ot-sdk-cookie-policy table {
font-size: 1rem;
border: 1px solid #ededed;
}
#ot-sdk-cookie-policy-v2.ot-sdk-cookie-policy table th, #ot-sdk-cookie-policy-v2.ot-sdk-cookie-policy table td {
    border-bottom: 1px solid #ededed;
    border-right: 1px solid #ededed;
}
 #ot-sdk-cookie-policy tr:nth-child(odd) {
background-color: #f6f6f6;
}
#ot-sdk-cookie-policy tr th, #ot-sdk-cookie-policy tr td {
padding: 1rem;
}
#ot-sdk-cookie-policy-v2.ot-sdk-cookie-policy a, #ot-sdk-cookie-policy-v2.ot-sdk-cookie-policy a:hover {
background: none;
}
#ot-sdk-cookie-policy-v2.ot-sdk-cookie-policy section {
margin-bottom: 3rem;
}
@media only screen and (max-width: 530px) {
#ot-sdk-cookie-policy-v2.ot-sdk-cookie-policy td:before {
    font-weight: 700;
    width: 100%;
    display: block;
    position: relative;
    overflow-wrap: break-word;
    word-break: keep-all;
    max-width: 100%;
    margin-bottom: .5rem;
}
#ot-sdk-cookie-policy-v2.ot-sdk-cookie-policy tr {
margin-bottom: 0;
}
#ot-sdk-cookie-policy-v2.ot-sdk-cookie-policy table td {
   border: none;
    border-bottom: 1px solid #ededed;
}
#ot-sdk-cookie-policy-v2.ot-sdk-cookie-policy table tr:last-child td {
border-bottom: 1px solid #ededed;
}
}
@media (min-width: 48em) {
   #ot-sdk-cookie-policy-v2.ot-sdk-cookie-policy .ot-sdk-cookie-policy-group-desc, #ot-sdk-cookie-policy-v2.ot-sdk-cookie-policy .ot-sdk-cookie-policy-group, #ot-sdk-cookie-policy-v2.ot-sdk-cookie-policy #cookie-policy-title, #ot-sdk-cookie-policy-v2.ot-sdk-cookie-policy #cookie-policy-description {
      padding: 0 10.33333%;
  }
}
@media (min-width: 64em) {
  #ot-sdk-cookie-policy-v2.ot-sdk-cookie-policy .ot-sdk-cookie-policy-group-desc, #ot-sdk-cookie-policy-v2.ot-sdk-cookie-policy .ot-sdk-cookie-policy-group, #ot-sdk-cookie-policy-v2.ot-sdk-cookie-policy #cookie-policy-title, #ot-sdk-cookie-policy-v2.ot-sdk-cookie-policy #cookie-policy-description {
      padding: 0 12.378959%;
  }    
#ot-sdk-cookie-policy-v2.ot-sdk-cookie-policy .ot-sdk-cookie-policy-title { 
font-size: 1.5rem;
    line-height: 2rem;
    letter-spacing: 0.0125rem;
}
}

#ot-sdk-btn.ot-sdk-show-settings {
        text-decoration: none;
        color: #626262 !important;
        border: none !important; 
        font-family: ICA Text,Arial,Helvetica,sans-serif !important;
        font-weight: 400 !important;
        font-size: 14px !important;
        line-height: 1.25rem !important;
        letter-spacing: .2px !important;
        list-style: none !important;
        padding: 0 !important; 
}

#ot-sdk-btn.ot-sdk-show-settings:hover {
color: #f088b6 !important;
background:none !important;
font-family: ICA Text,Arial,Helvetica,sans-serif !important;
        font-weight: 400 !important;
        font-size: 14px !important;
        line-height: 1.25rem !important;
        letter-spacing: .2px !important;
        list-style: none !important;
        padding: 0 !important; 
 }.ot-floating-button__front{background-image:url('https://cdn-ukwest.onetrust.com/logos/static/ot_persistent_cookie_icon.png')}</style></head><body data-synthetics="react-page"><noscript><iframe src="https://online-analytics.ica.se/ns.html?id=GTM-MCQKZQ3" height="0" width="0" style="display:none;visibility:hidden" title="gtm"></iframe></noscript><svg aria-hidden="true" id="svgdefs" xmlns="http://www.w3.org/2000/svg"><defs><svg id="svg-account" viewBox="0 0 24 24"><path d="M12.5 12.833c-5.338 0-8.5 2.345-8.5 5.834v3.125a.21.21 0 00.212.208h1.276a.21.21 0 00.212-.208v-3.125c0-2.879 3.204-4.167 6.8-4.167 3.287 0 6.8 1.094 6.8 4.167v1.666H8.32a.215.215 0 00-.194.122l-.587 1.25a.208.208 0 00.193.295h13.056a.21.21 0 00.212-.208v-3.125c0-3.545-3.337-5.834-8.5-5.834m0-9.166c1.875 0 3.4 1.495 3.4 3.333s-1.525 3.333-3.4 3.333S9.1 8.838 9.1 7s1.525-3.333 3.4-3.333m0 8.333c2.816 0 5.1-2.24 5.1-5s-2.284-5-5.1-5-5.1 2.24-5.1 5 2.284 5 5.1 5"></path></svg><svg id="svg-account_new" viewBox="0 0 24 24"><path d="M7.534 22h-.015.09C4.516 22 2 19.57 2 16.583c0-2.988 2.516-5.419 5.609-5.419a5.69 5.69 0 014.06 1.683l.314-.01.39-.004c5.24 0 8.627 2.29 8.627 5.834v3.125a.212.212 0 01-.216.208H7.534zm5.255-7.494l.024.054a5.23 5.23 0 01.405 2.023 5.304 5.304 0 01-1.567 3.752l7.624-.002v-1.666c0-2.945-3.276-4.073-6.486-4.161zm-5.18-1.675c-2.14 0-3.884 1.683-3.884 3.752 0 2.067 1.743 3.75 3.884 3.75s3.884-1.683 3.884-3.75c0-2.069-1.743-3.752-3.884-3.752zm.33 1.667a.11.11 0 01.112.109v1.556h1.604a.11.11 0 01.111.108v.617a.11.11 0 01-.111.108H8.05v1.562a.106.106 0 01-.111.107H7.3a.11.11 0 01-.11-.107v-1.562H5.56c-.08 0-.132-.082-.096-.151l.323-.625a.11.11 0 01.097-.057H7.19v-1.555c0-.062.048-.11.112-.11h.638zM12.374 2c2.859 0 5.176 2.238 5.176 5 0 2.76-2.317 5-5.176 5S7.196 9.76 7.196 7c0-2.762 2.318-5 5.177-5zm0 1.667C10.47 3.667 8.923 5.162 8.923 7s1.547 3.333 3.45 3.333c1.904 0 3.452-1.495 3.452-3.333s-1.548-3.333-3.451-3.333z"></path></svg><svg id="svg-browse" viewBox="0 0 24 24"><path d="M20.33 11.946v.832c-1.468 0-2.046.621-2.27 1.05a3.415 3.415 0 011.112-.201c3.926 0 3.822 8.373-.673 8.373-.303 0-.627-.038-.97-.12l-.23.048a3.82 3.82 0 01-.66.06c-2.485 0-3.803-2.71-3.607-5.086.09-1.106.508-2.345 1.51-2.953.388-.235.831-.34 1.278-.34.127 0 .256.009.382.025.312.04.628.202.934.291.151-.545.778-1.979 3.194-1.979zM8.683 20.3h3.297c.115 0 .209.093.209.208v1.248a.208.208 0 01-.209.208H3.664A1.662 1.662 0 012 20.305V7.998a.21.21 0 01.047-.132L4.503 5.25V3.657c0-.873.68-1.59 1.54-1.652L6.167 2h5.356c.92 0 1.665.742 1.665 1.657V4.71l3.044 3.755.04.114v3.06a.208.208 0 01-.209.208H14.81a.208.208 0 01-.209-.208v-1.455H8.683V20.3zm7.137-5.026a.818.818 0 00-.408.097c-.375.228-.65.866-.715 1.668-.085 1.034.244 2.15.82 2.772.32.346.688.515 1.123.515.156 0 .325-.021.501-.064l.388-.091.388.091c.207.05.404.075.582.075.333 0 .826-.072 1.254-.694.366-.534.576-1.305.576-2.118 0-.863-.314-2.233-1.157-2.233-.206 0-.463.06-.741.173a2.337 2.337 0 01-.93.185c-.53 0-.969-.164-1.289-.284-.086-.031-.203-.074-.247-.084a1.535 1.535 0 00-.145-.008zM5.302 6.818L3.718 8.472a.211.211 0 00-.047.132v10.862c0 .46.373.833.835.833h2.506V9.975l-.001-1.02L5.3 6.819zm5.38-3.154H7.009a.833.833 0 00-.835.832v.747l2.621 3.276h5.406l-2.643-3.227a.208.208 0 01-.04-.122l-.001-.677a.833.833 0 00-.835-.83z"></path></svg><svg id="svg-browse_outline" viewBox="0 0 24 24"><path d="M6.295 16.447c.69 0 1.25.561 1.25 1.253v3.048c0 .691-.56 1.252-1.25 1.252H3.25C2.56 22 2 21.439 2 20.748V17.7c0-.692.56-1.253 1.25-1.253h3.045zm7.24 0c.692 0 1.251.561 1.251 1.253v3.048c0 .691-.56 1.252-1.25 1.252h-3.044c-.69 0-1.25-.561-1.25-1.252V17.7c0-.692.56-1.253 1.25-1.253h3.044zm7.214 0c.69 0 1.251.561 1.251 1.253v3.048c0 .691-.56 1.252-1.25 1.252h-3.045c-.69 0-1.25-.561-1.25-1.252V17.7c0-.692.56-1.253 1.25-1.253h3.044zm-14.454.835H3.25a.417.417 0 00-.417.418v3.048c0 .23.186.417.417.417h3.044c.23 0 .416-.186.416-.417V17.7a.417.417 0 00-.416-.418zm7.24 0h-3.043a.417.417 0 00-.417.418v3.048c0 .23.187.417.417.417h3.044c.23 0 .417-.186.417-.417V17.7a.417.417 0 00-.417-.418zm7.214 0h-3.044a.416.416 0 00-.416.418v3.048c0 .23.185.417.416.417h3.044c.23 0 .417-.186.417-.417V17.7a.417.417 0 00-.417-.418zM6.295 9.224c.69 0 1.25.56 1.25 1.252v3.048a1.25 1.25 0 01-1.25 1.252H3.25c-.69 0-1.251-.56-1.251-1.252v-3.048c0-.691.56-1.252 1.25-1.252h3.045zm7.24 0c.692 0 1.251.56 1.251 1.252v3.048a1.25 1.25 0 01-1.25 1.252h-3.044c-.69 0-1.25-.56-1.25-1.252v-3.048c0-.691.56-1.252 1.25-1.252h3.044zm7.214 0c.69 0 1.251.56 1.251 1.252v3.048a1.25 1.25 0 01-1.25 1.252h-3.045c-.69 0-1.25-.56-1.25-1.252v-3.048c0-.691.56-1.252 1.25-1.252h3.044zm-14.454.834H3.25a.417.417 0 00-.417.418v3.048c0 .231.186.417.417.417h3.044c.23 0 .416-.186.416-.417v-3.048a.417.417 0 00-.416-.418zm7.24 0h-3.043a.417.417 0 00-.417.418v3.048c0 .231.187.417.417.417h3.044c.23 0 .417-.186.417-.417v-3.048a.417.417 0 00-.417-.418zm7.214 0h-3.044a.417.417 0 00-.416.418v3.048c0 .231.185.417.416.417h3.044c.23 0 .417-.186.417-.417v-3.048a.417.417 0 00-.417-.418zM6.295 2c.69 0 1.25.561 1.25 1.252v3.05c0 .69-.56 1.252-1.25 1.252H3.25C2.56 7.554 2 6.993 2 6.3V3.252C2 2.561 2.56 2 3.25 2h3.045zm7.24 0c.692 0 1.251.561 1.251 1.252v3.05c0 .69-.56 1.252-1.25 1.252h-3.044c-.69 0-1.25-.561-1.25-1.253V3.252c0-.691.56-1.252 1.25-1.252h3.044zm7.214 0C21.44 2 22 2.561 22 3.252v3.05c0 .69-.56 1.252-1.25 1.252h-3.045c-.69 0-1.25-.561-1.25-1.253V3.252c0-.691.56-1.252 1.25-1.252h3.044zm-14.454.835H3.25a.417.417 0 00-.417.417v3.05c0 .23.186.417.417.417h3.044c.23 0 .416-.187.416-.418V3.252a.417.417 0 00-.416-.417zm7.24 0h-3.043a.417.417 0 00-.417.417v3.05c0 .23.187.417.417.417h3.044c.23 0 .417-.187.417-.418V3.252a.417.417 0 00-.417-.417zm7.214 0h-3.044a.417.417 0 00-.416.417v3.05c0 .23.185.417.416.417h3.044c.23 0 .417-.187.417-.418V3.252a.417.417 0 00-.417-.417z"></path></svg><svg id="svg-calendar" viewBox="0 0 24 24"><path d="M20.333 16.167c0 .995-.287 2.854-.529 4.166H3.987c.28-1.483.513-3.066.513-4.166V9.5h15.833v6.667zm1.459-12.5h-3.125v1.666h1.666v3.334H4.5V5.333h3.333v1.459c0 .116.092.208.209.208h1.25a.206.206 0 00.208-.208V2.208A.206.206 0 009.292 2h-1.25a.206.206 0 00-.209.208v1.459H3.041a.206.206 0 00-.208.208v12.292c0 1.666-.642 4.712-.829 5.587-.025.13.07.246.2.246h18.8c.096 0 .18-.067.2-.163.163-.724.796-4.004.796-5.67V3.875a.206.206 0 00-.208-.208zm-9.584 10h1.25a.206.206 0 00.209-.209v-1.25a.206.206 0 00-.209-.208h-1.25a.206.206 0 00-.208.208v1.25c0 .117.092.209.208.209m4.167 0h1.25a.206.206 0 00.208-.209v-1.25a.206.206 0 00-.208-.208h-1.25a.206.206 0 00-.208.208v1.25c0 .117.091.209.208.209m-8.333 4.166h1.25a.206.206 0 00.208-.208v-1.25a.206.206 0 00-.208-.208h-1.25a.206.206 0 00-.209.208v1.25c0 .117.092.208.209.208m4.166 0h1.25a.206.206 0 00.209-.208v-1.25a.206.206 0 00-.209-.208h-1.25a.206.206 0 00-.208.208v1.25c0 .117.092.208.208.208m-4.166-4.166h1.25a.206.206 0 00.208-.209v-1.25A.206.206 0 009.292 12h-1.25a.206.206 0 00-.209.208v1.25c0 .117.092.209.209.209m8.125-6.875c0 .116.091.208.208.208h1.25a.206.206 0 00.208-.208V2.208A.206.206 0 0017.625 2h-1.25a.206.206 0 00-.208.208v1.459h-5.834v1.666h5.834v1.459z"></path></svg><svg id="svg-click_collect" viewBox="0 0 24 24"><path d="M8.075 3.049a.22.22 0 01.307.03l4.694 5.648h8.708c.12 0 .216.095.216.212v1.213a.214.214 0 01-.216.212h-.614l-.2 1.45a.211.211 0 01-.21.182H19.4a.21.21 0 01-.21-.233l.166-1.4H4.638l1.076 9h8.17c.116 0 .209.091.209.205v1.227a.206.206 0 01-.209.205h-9.42a.213.213 0 01-.212-.18L2.824 10.365h-.612A.209.209 0 012 10.157v-.404c0-.003.003-.004.003-.005v-.813a.21.21 0 01.211-.208h8.71L7.091 4.113a.21.21 0 01.03-.301l.954-.763zm6.394 10.287a.396.396 0 01.496-.487l6.748 1.97a.39.39 0 01.169.652l-1.62 1.588 1.31 1.285a.257.257 0 010 .37l-1.128 1.106a.27.27 0 01-.375 0l-1.31-1.285-1.618 1.589a.402.402 0 01-.636-.098l-.027-.067-2.01-6.623zM12.209 12c.116 0 .21.093.21.207v6.133a.209.209 0 01-.21.208h-.413a.209.209 0 01-.21-.208v-6.133c0-.114.094-.207.21-.207h.412zm-4.586 0a.21.21 0 01.21.181l1.118 6.134a.209.209 0 01-.21.233h-.413a.21.21 0 01-.209-.18l-1.121-6.135A.208.208 0 017.206 12h.417z"></path></svg><svg id="svg-coupons" viewBox="0 0 24 24" xmlns="http://www.w3.org/2000/svg"> <path fill-rule="evenodd" clip-rule="evenodd" d="M4 5C2.89542 5 2 5.89542 2 7V8.08536C2.58261 8.29126 3 8.84689 3 9.5C3 10.1531 2.58261 10.7087 2 10.9146V17C2 18.1046 2.89542 19 4 19H20C21.1046 19 22 18.1046 22 17V10.9146C21.4174 10.7087 21 10.1531 21 9.5C21 8.84689 21.4174 8.29126 22 8.08536V7C22 5.89542 21.1046 5 20 5H4ZM5.5 9C5.22385 9 5 9.22385 5 9.5C5 9.77615 5.22385 10 5.5 10H6.5C6.77615 10 7 9.77615 7 9.5C7 9.22385 6.77615 9 6.5 9H5.5ZM9.5 9C9.22385 9 9 9.22385 9 9.5C9 9.77615 9.22385 10 9.5 10H10.5C10.7762 10 11 9.77615 11 9.5C11 9.22385 10.7762 9 10.5 9H9.5ZM13 9.5C13 9.22385 13.2238 9 13.5 9H14.5C14.7762 9 15 9.22385 15 9.5C15 9.77615 14.7762 10 14.5 10H13.5C13.2238 10 13 9.77615 13 9.5ZM17.5 9C17.2238 9 17 9.22385 17 9.5C17 9.77615 17.2238 10 17.5 10H18.5C18.7762 10 19 9.77615 19 9.5C19 9.22385 18.7762 9 18.5 9H17.5Z"></path></svg><svg id="svg-delivery_pass" viewBox="0 0 24 24"><path d="M4.504 4.5l14.992.002C20.879 4.502 22 5.652 22 7.07v9.86c0 1.418-1.121 2.569-2.504 2.569H4.504C3.121 19.5 2 18.35 2 16.93V7.07C2 5.65 3.121 4.5 4.504 4.5zm0 1.713a.846.846 0 00-.834.856v9.862c0 .473.373.856.834.856h14.992a.846.846 0 00.834-.856V7.07a.846.846 0 00-.834-.857H4.504zM15.216 7.66c.624 0 1.152.47 1.239 1.104l.429 2.314.002.01v3.744a.107.107 0 01-.105.107h-1.225a1.252 1.252 0 01-1.175.856 1.253 1.253 0 01-1.175-.856h-1.803a1.253 1.253 0 01-1.176.856c-.69 0-1.252-.576-1.252-1.284 0-.709.562-1.285 1.252-1.285.544 0 1.003.36 1.176.856h1.803a1.254 1.254 0 011.175-.856c.543 0 1.002.36 1.175.856h.495V11.12l-.002-.01-.419-2.225a.42.42 0 00-.413-.368H8.955a.423.423 0 00-.417.428v.416h2.392c.059 0 .105.05.105.108v.64c0 .06-.046.109-.105.109H8.537v.85h1.552c.057 0 .105.047.105.107v.64c0 .06-.048.109-.105.109H8.537v2.909a.106.106 0 01-.07.101l-.033.006h-.626a.106.106 0 01-.105-.107v-2.91H6.124a.106.106 0 01-.105-.107v-.64c0-.06.047-.109.105-.109h1.577v-.85h-.735a.107.107 0 01-.106-.107v-.64c0-.06.048-.109.106-.109h.736v-.416c0-.67.5-1.22 1.138-1.28l.114-.004h6.261zm-.835 6.422a.424.424 0 00-.417.429c0 .236.187.428.417.428.23 0 .418-.192.418-.428a.424.424 0 00-.418-.429zm-4.154 0a.424.424 0 00-.417.429c0 .236.188.428.417.428.23 0 .418-.192.418-.428a.424.424 0 00-.418-.429zm4-4.722c.083 0 .15.097.15.216v1.282c0 .119-.067.215-.15.215h-1.369c-.082 0-.15-.096-.15-.215V9.577c0-.12.068-.216.15-.216h1.37z"></path></svg><svg id="svg-express_collect" viewBox="0 0 24 24"><path d="M12.0405 2C11.4584 2 10.9865 2.47192 10.9865 3.05405C10.9865 3.63619 11.4584 4.10811 12.0405 4.10811H13.0946V4.70037C10.5272 5.02053 8.31816 6.49489 7.00324 8.58784H5.71621C5.27961 8.58784 4.92567 8.94177 4.92567 9.37838C4.92567 9.81498 5.27961 10.1689 5.71621 10.1689H7.82432C8.26092 10.1689 8.61486 10.5229 8.61486 10.9595C8.61486 11.3961 8.26092 11.75 7.82432 11.75H3.6081C3.1715 11.75 2.81756 12.1039 2.81756 12.5405C2.81756 12.9771 3.1715 13.3311 3.6081 13.3311H9.93243C10.369 13.3311 10.723 13.685 10.723 14.1216C10.723 14.5582 10.369 14.9122 9.93243 14.9122H2.29054C1.85394 14.9122 1.5 15.2661 1.5 15.7027C1.5 16.1393 1.85394 16.4932 2.29054 16.4932H7.82432C8.26092 16.4932 8.61486 16.8472 8.61486 17.2838C8.61486 17.7204 8.26092 18.0743 7.82432 18.0743H5.71621C5.27961 18.0743 4.92567 18.4283 4.92567 18.8649C4.92567 19.3015 5.27961 19.6554 5.71621 19.6554H8.88446C10.3272 20.8097 12.1573 21.5 14.1486 21.5C18.8057 21.5 22.5811 17.7247 22.5811 13.0676C22.5811 8.76743 19.3623 5.21908 15.2027 4.70038V4.10811H16.2568C16.8389 4.10811 17.3108 3.63619 17.3108 3.05405C17.3108 2.47192 16.8389 2 16.2568 2H12.0405ZM13.3581 14.1644V8.85135C13.3581 8.41475 13.712 8.06081 14.1486 8.06081C14.5852 8.06081 14.9392 8.41475 14.9392 8.85135V13.0248L17.5608 13.8987C17.975 14.0367 18.1988 14.4844 18.0608 14.8986C17.9227 15.3128 17.475 15.5367 17.0608 15.3986L13.3581 14.1644Z"></path></svg><svg id="svg-facebook" xmlns:xlink="http://www.w3.org/1999/xlink" viewBox="0 0 32 32"><defs><path id="i_facebook__a" d="M27.862 2.667H4.138c-.812 0-1.471.659-1.471 1.471v23.724c0 .812.659 1.471 1.471 1.471h12.773V19.021h-3.463v-4.037h3.463v-2.971c0-3.445 2.105-5.32 5.178-5.32 1.47 0 2.737.11 3.104.159v3.601h-2.12c-1.672 0-1.995.794-1.995 1.961v2.57h3.998l-.521 4.037h-3.477v10.312h6.784c.812 0 1.471-.659 1.471-1.471V4.138c0-.812-.659-1.471-1.471-1.471z"></path></defs><g fill="none" fill-rule="evenodd"><path d="M0 0h32v32H0z"></path><mask id="i_facebook__b" fill="#fff"><use xlink:href="#i_facebook__a"></use></mask><use fill="#000" xlink:href="#i_facebook__a"></use><g fill="#CF2E05" mask="url(#i_facebook__b)"><path d="M0 0h32v32H0z"></path></g></g></svg><svg id="svg-favourites" viewBox="0 0 24 24"><path d="M16.83 4.014A4.788 4.788 0 0016.465 4C15.242 4 13.5 4.47 12 6.646 10.498 4.47 8.757 4 7.535 4c-.121 0-.243.005-.366.014C4.222 4.228 2 6.663 2 9.652c0 .044-.009.452.111 1.175.339 1.928 1.927 6.672 9.328 9.085a1.833 1.833 0 001.121 0c7.402-2.413 8.99-7.157 9.326-9.072l.017-.104c.104-.632.097-1.038.097-1.058 0-3.015-2.223-5.45-5.17-5.664z"></path></svg><svg id="svg-favourites_add" viewBox="0 0 24 24"><path d="M12 18.106c-6.392-2.096-7.733-6.014-8.025-7.674-.074-.451-.07-.729-.07-.754 0-2.015 1.463-3.64 3.403-3.78.077-.006.152-.009.227-.009.963 0 1.984.638 2.602 1.443.62.805.781 1.079 1.161 1.747a.805.805 0 00.702.405.804.804 0 00.702-.405c.38-.668.543-.942 1.16-1.747.62-.805 1.639-1.443 2.604-1.443.074 0 .15.003.226.009 1.94.14 3.403 1.765 3.403 3.78 0 .025.004.303-.07.754-.292 1.66-1.633 5.578-8.025 7.674zm4.83-14.092A4.727 4.727 0 0016.467 4C15.243 4 13.5 4.47 12 6.646 10.499 4.47 8.758 4 7.535 4c-.12 0-.243.005-.366.014C4.222 4.228 2 6.663 2 9.652c-.002.044-.01.452.11 1.175.338 1.928 1.926 6.672 9.329 9.085a1.817 1.817 0 001.12 0c7.403-2.413 8.99-7.157 9.33-9.085.119-.723.111-1.13.11-1.175 0-2.99-2.222-5.424-5.17-5.638z"></path></svg><svg id="svg-favourites_outline" viewBox="0 0 24 24"><path d="M12 18.106c-6.392-2.096-7.733-6.014-8.025-7.674-.074-.451-.07-.729-.07-.754 0-2.015 1.463-3.64 3.403-3.78.077-.006.152-.009.227-.009.963 0 1.984.638 2.602 1.443.62.805.781 1.079 1.161 1.747a.805.805 0 00.702.405.804.804 0 00.702-.405c.38-.668.543-.942 1.16-1.747.62-.805 1.639-1.443 2.604-1.443.074 0 .15.003.226.009 1.94.14 3.403 1.765 3.403 3.78 0 .025.004.303-.07.754-.292 1.66-1.633 5.578-8.025 7.674zm4.83-14.092A4.727 4.727 0 0016.467 4C15.243 4 13.5 4.47 12 6.646 10.499 4.47 8.758 4 7.535 4c-.12 0-.243.005-.366.014C4.222 4.228 2 6.663 2 9.652c-.002.044-.01.452.11 1.175.338 1.928 1.926 6.672 9.329 9.085a1.817 1.817 0 001.12 0c7.403-2.413 8.99-7.157 9.33-9.085.119-.723.111-1.13.11-1.175 0-2.99-2.222-5.424-5.17-5.638z"></path></svg><svg id="svg-google" viewBox="0 0 21 21"><path d="M19 0H2a2 2 0 00-2 2v17a2 2 0 002 2h17a2 2 0 002-2V2a2 2 0 00-2-2zm-4.6 5.49H13a1.34 1.34 0 00-1 .32 1.45 1.45 0 00-.28 1v1.7h2.64L14 11.14h-2.33V18H8.92v-6.86H6.6V8.48h2.31v-2a3.51 3.51 0 01.92-2.59A3.38 3.38 0 0112.35 3a10.9 10.9 0 012.05.12v2.37z"></path></svg><svg id="svg-home" viewBox="0 0 24 24"><path d="M18.95 10.362c-.395 0-.75-.295-1.005-.657a1.591 1.591 0 00-.93-.627v-.936h3.311v.908h.01c-.187.571-.76 1.312-1.386 1.312zm-3.613 9.97v-4.106a2.502 2.502 0 00-2.5-2.503h-1.673a2.5 2.5 0 00-2.5 2.503v4.105H5.32v-8.343a3.08 3.08 0 002.048-1.031 3.073 3.073 0 002.315 1.061c.919 0 1.736-.408 2.303-1.045a3.075 3.075 0 002.326 1.072c.927 0 1.75-.417 2.319-1.065a3.074 3.074 0 002.011 1.03v8.321h-3.306zm-5.007-.02v-4.086c0-.46.375-.834.834-.834h1.672c.46 0 .834.374.834.834v4.086h-3.34zM3.672 8.142h3.306v.939a1.668 1.668 0 00-.949.633c-.253.343-.596.62-.976.62-.622 0-1.186-.741-1.376-1.3h-.005v-.892zM5.41 3.669h2.066l-.49 2.804H4.128l1.28-2.804zm2.4 4.473h3.766v.947a1.618 1.618 0 00-.909.614c-.253.348-.6.632-.984.632-.38 0-.723-.278-.977-.621A1.662 1.662 0 007.81 9.1v-.958zm4.6-4.473h3.207l.49 2.804H12.41V3.67zm-.834 2.804H7.832l.49-2.804h3.255v2.804zm4.604 2.63a1.581 1.581 0 00-.863.602c-.255.362-.611.657-1.005.657-.392 0-.746-.291-1-.649a1.615 1.615 0 00-.902-.62v-.951h3.77v.961zm3.698-2.63h-2.926l-.489-2.804h2.15l1.265 2.804zm2.114.934a.827.827 0 00-.064-.442L19.912 2.49a.832.832 0 00-.76-.491H4.872a.834.834 0 00-.757.487L2.073 6.961a.832.832 0 00-.068.437v1.636h-.003c.148 1.008.782 2.001 1.652 2.55v9.373c0 .575.467 1.043 1.042 1.043h14.572c.575 0 1.042-.468 1.042-1.043v-9.325c.886-.544 1.526-1.554 1.673-2.582h.01V7.407z"></path></svg><svg id="svg-home_delivery" viewBox="0 0 24 24"><path d="M17 18.316a.839.839 0 01-.833-.842c0-.465.374-.842.833-.842.46 0 .833.377.833.842a.839.839 0 01-.833.842m-8.292 0a.839.839 0 01-.833-.842c0-.465.374-.842.833-.842.46 0 .834.377.834.842a.839.839 0 01-.834.842m13.29-7.594l-.856-4.55A2.51 2.51 0 0018.667 4h-12.5c-1.381 0-2.5 1.13-2.5 2.526v1.685H2.208A.21.21 0 002 8.42v.421c0 .116.093.21.208.21h1.459v.843h-.625a.21.21 0 00-.209.21v.421c0 .117.094.21.209.21h.625v7.37c0 .115.093.21.208.21h1.25a.21.21 0 00.208-.21v-7.369h5.625a.21.21 0 00.209-.21v-.422a.21.21 0 00-.209-.21H5.333v-.842h4.792a.21.21 0 00.208-.21V8.42a.21.21 0 00-.208-.21H5.333V6.526c0-.465.374-.842.834-.842H18.67c.414 0 .766.308.824.723l.837 4.375.002.022v5.828h-.987C19 15.654 18.085 14.947 17 14.947c-1.085 0-2 .707-2.346 1.685h-3.599c-.346-.978-1.262-1.685-2.347-1.685-1.378 0-2.5 1.134-2.5 2.527 0 1.393 1.122 2.526 2.5 2.526 1.085 0 2.001-.707 2.347-1.684h3.6C14.998 19.293 15.914 20 17 20c1.085 0 2-.707 2.346-1.684h2.446a.21.21 0 00.208-.21v-7.362a.18.18 0 01-.002-.022m-6.665-3.354h2.65l.5 2.527h-3.15V7.368zm3.913 3.369a.21.21 0 00.204-.252l-.75-3.79a.209.209 0 00-.204-.169h-3.788a.21.21 0 00-.208.21v3.79c0 .117.093.21.208.21h4.538z"></path></svg><svg id="svg-home_outline" viewBox="0 0 24 24"><path d="M21.938 12.366l-9.79-9.307a.217.217 0 00-.297 0l-9.79 9.307a.192.192 0 000 .282l.89.846a.217.217 0 00.297 0l1.2-1.141v7.448c0 .11.093.199.208.199h1.262a.203.203 0 00.208-.199v-9.043L12 5.173l5.874 5.585v7.647h-9.28a.21.21 0 00-.19.116l-.58 1.197c-.065.131.037.282.19.282h11.329c.116 0 .21-.09.21-.2v-7.447l1.2 1.14a.216.216 0 00.296 0l.89-.845a.192.192 0 000-.282"></path></svg><svg id="svg-instagram" xmlns:xlink="http://www.w3.org/1999/xlink" viewBox="0 0 32 32"><defs><path id="i_instagram__a" d="M17.212 2.667c2.53.004 3.035.023 4.285.074 1.424.063 2.392.29 3.238.619a6.611 6.611 0 012.36 1.54 6.497 6.497 0 011.54 2.36c.328.851.555 1.82.619 3.237.058 1.29.076 1.78.079 4.559v1.878c-.003 2.778-.021 3.268-.079 4.558-.064 1.423-.291 2.392-.62 3.238a6.611 6.611 0 01-1.539 2.36 6.497 6.497 0 01-2.36 1.54c-.851.328-1.82.555-3.238.619-1.334.06-1.813.077-4.854.079h-1.286c-3.041-.002-3.52-.02-4.854-.08-1.424-.063-2.392-.29-3.238-.618a6.611 6.611 0 01-2.36-1.54 6.497 6.497 0 01-1.54-2.36c-.328-.852-.555-1.82-.619-3.238-.056-1.245-.075-1.75-.079-4.28v-2.434c.004-2.531.023-3.035.079-4.275.064-1.424.291-2.392.62-3.238a6.611 6.611 0 011.539-2.36 6.497 6.497 0 012.36-1.54c.846-.328 1.814-.555 3.232-.619 1.246-.056 1.75-.075 4.28-.079zm.013 2.403h-2.46c-2.455.002-2.93.018-4.157.078-1.301.058-2.005.28-2.476.46a4.072 4.072 0 00-1.534.995 4.14 4.14 0 00-.995 1.535c-.185.47-.402 1.174-.46 2.476-.064 1.407-.08 1.825-.08 5.386v.335c.002 3.254.018 3.69.08 5.051.058 1.302.28 2.006.46 2.476.238.625.53 1.07.995 1.535.465.465.91.751 1.534.995.471.185 1.175.402 2.476.46 1.272.057 1.736.076 4.437.079h1.899c2.702-.003 3.166-.022 4.437-.08 1.302-.057 2.005-.28 2.476-.46a4.072 4.072 0 001.535-.994c.465-.466.75-.91.994-1.535.185-.47.402-1.174.46-2.476.06-1.316.078-1.767.08-4.735V15.35c-.002-2.968-.02-3.419-.08-4.735-.058-1.302-.28-2.006-.46-2.476a4.072 4.072 0 00-.994-1.535 4.137 4.137 0 00-1.535-.995c-.47-.185-1.174-.402-2.476-.46-1.226-.055-1.701-.074-4.156-.078zm-1.23 4.078a6.851 6.851 0 016.846 6.847 6.851 6.851 0 01-6.846 6.846 6.848 6.848 0 010-13.693zm0 2.402a4.444 4.444 0 100 8.89 4.444 4.444 0 100-8.89zm7.116-4.27a1.598 1.598 0 110 3.196 1.598 1.598 0 010-3.196z"></path></defs><g fill="none" fill-rule="evenodd"><path d="M0 0h32v32H0z"></path><mask id="i_instagram__b" fill="#fff"><use xlink:href="#i_instagram__a"></use></mask><use fill="#000" fill-rule="nonzero" xlink:href="#i_instagram__a"></use><g fill="#CF2E05" mask="url(#i_instagram__b)"><path d="M0 0h32v32H0z"></path></g></g></svg><svg id="svg-invoice" viewBox="0 0 24 24"> <path d="M19.9998506,2 L19.9999928,19.9998773 C20.0048456,20.9998705 19.1548898,22 18.0029125,22 C16.9032977,22 16.0846973,21.0887243 16.012551,20.1361468 L16.0073726,19.9998773 L16.0073726,15.0224214 L6.99997199,15.0224214 L6.99997199,2 L9.161,2.999 L9.165,2.999 L11.3288475,2 L13.489,2.999 L13.493,2.999 L15.6821807,2 L17.821,2.999 L19.9998506,2 Z M15.0158252,15.9999045 L15.0158252,19.9998773 C15.0158252,20.9522517 15.3393928,21.9047499 16.3320608,21.9931866 L16.4860224,21.9998636 L5.99885965,21.9998636 C4.90471828,21.9980727 4.07886183,21.08855 4.00533385,20.136135 L4,19.9998773 L4,15.9999045 L15.0158252,15.9999045 Z M18,11 L9,11 L9,12 L18,12 L18,11 Z M18,8 L9,8 L9,9 L18,9 L18,8 Z M18,5 L9,5 L9,6 L18,6 L18,5 Z"></path> </svg><svg id="svg-list" viewBox="0 0 24 24"><path d="M20,1.98693848 C21.1045695,1.98693848 22,2.88236898 22,3.98693848 L22,20.0130615 C22,21.117631 21.1045695,22.0130615 20,22.0130615 L4,22.0130615 C2.8954305,22.0130615 2,21.117631 2,20.0130615 L2,3.98693848 C2,2.88236898 2.8954305,1.98693848 4,1.98693848 L20,1.98693848 Z M7.99963379,15.0076904 L6.99963379,15.0076904 L6.88301266,15.0144182 C6.4239308,15.0677398 6.05968316,15.4319874 6.00636152,15.8910693 L5.99963379,16.0076904 L5.99963379,17.0076904 L6.00636152,17.1243116 C6.05968316,17.5833934 6.4239308,17.9476411 6.88301266,18.0009627 L6.99963379,18.0076904 L7.99963379,18.0076904 L8.11625491,18.0009627 C8.57533678,17.9476411 8.93958442,17.5833934 8.99290606,17.1243116 L8.99963379,17.0076904 L8.99963379,16.0076904 L8.99290606,15.8910693 C8.93958442,15.4319874 8.57533678,15.0677398 8.11625491,15.0144182 L7.99963379,15.0076904 Z M17.4602359,16.0076904 L10.5397641,16.0076904 L10.4427408,16.0157461 C10.1909417,16.0580821 10,16.2622305 10,16.5076904 C10,16.7531503 10.1909417,16.9572988 10.4427408,16.9996348 L10.5397641,17.0076904 L17.4602359,17.0076904 L17.5572592,16.9996348 C17.8090583,16.9572988 18,16.7531503 18,16.5076904 C18,16.2622305 17.8090583,16.0580821 17.5572592,16.0157461 L17.4602359,16.0076904 Z M7.99963379,10.5 L6.99963379,10.5 L6.88301266,10.5067277 C6.4239308,10.5600494 6.05968316,10.924297 6.00636152,11.3833789 L5.99963379,11.5 L5.99963379,12.5 L6.00636152,12.6166211 C6.05968316,13.075703 6.4239308,13.4399506 6.88301266,13.4932723 L6.99963379,13.5 L7.99963379,13.5 L8.11625491,13.4932723 C8.57533678,13.4399506 8.93958442,13.075703 8.99290606,12.6166211 L8.99963379,12.5 L8.99963379,11.5 L8.99290606,11.3833789 C8.93958442,10.924297 8.57533678,10.5600494 8.11625491,10.5067277 L7.99963379,10.5 Z M17.4602359,11.5 L10.5397641,11.5 L10.4427408,11.5080557 C10.1909417,11.5503916 10,11.7545401 10,12 C10,12.2454599 10.1909417,12.4496084 10.4427408,12.4919443 L10.5397641,12.5 L17.4602359,12.5 L17.5572592,12.4919443 C17.8090583,12.4496084 18,12.2454599 18,12 C18,11.7545401 17.8090583,11.5503916 17.5572592,11.5080557 L17.4602359,11.5 Z M7.99963379,6 L6.99963379,6 L6.88301266,6.00672773 C6.4239308,6.06004937 6.05968316,6.42429701 6.00636152,6.88337887 L5.99963379,7 L5.99963379,8 L6.00636152,8.11662113 C6.05968316,8.57570299 6.4239308,8.93995063 6.88301266,8.99327227 L6.99963379,9 L7.99963379,9 L8.11625491,8.99327227 C8.57533678,8.93995063 8.93958442,8.57570299 8.99290606,8.11662113 L8.99963379,8 L8.99963379,7 L8.99290606,6.88337887 C8.93958442,6.42429701 8.57533678,6.06004937 8.11625491,6.00672773 L7.99963379,6 Z M17.4602359,7 L10.5397641,7 L10.4427408,7.00805567 C10.1909417,7.05039163 10,7.25454011 10,7.5 C10,7.74545989 10.1909417,7.94960837 10.4427408,7.99194433 L10.5397641,8 L17.4602359,8 L17.5572592,7.99194433 C17.8090583,7.94960837 18,7.74545989 18,7.5 C18,7.25454011 17.8090583,7.05039163 17.5572592,7.00805567 L17.4602359,7 Z"></path></svg><svg id="svg-list_outline" viewBox="0 0 24 24"><path d="M20,1.98693848 C21.1045695,1.98693848 22,2.88236898 22,3.98693848 L22,20.0130615 C22,21.117631 21.1045695,22.0130615 20,22.0130615 L4,22.0130615 C2.8954305,22.0130615 2,21.117631 2,20.0130615 L2,3.98693848 C2,2.88236898 2.8954305,1.98693848 4,1.98693848 L20,1.98693848 Z M20,2.98693848 L4,2.98693848 C3.48716416,2.98693848 3.06449284,3.37297867 3.00672773,3.87031735 L3,3.98693848 L3,20.0130615 C3,20.5258974 3.38604019,20.9485687 3.88337887,21.0063338 L4,21.0130615 L20,21.0130615 C20.5128358,21.0130615 20.9355072,20.6270213 20.9932723,20.1296826 L21,20.0130615 L21,3.98693848 C21,3.47410264 20.6139598,3.05143132 20.1166211,2.99366621 L20,2.98693848 Z M7.99963379,15.0076904 C8.51246963,15.0076904 8.93514095,15.3937306 8.99290606,15.8910693 L8.99963379,16.0076904 L8.99963379,17.0076904 C8.99963379,17.5205263 8.6135936,17.9431976 8.11625491,18.0009627 L7.99963379,18.0076904 L6.99963379,18.0076904 C6.48679795,18.0076904 6.06412663,17.6216502 6.00636152,17.1243116 L5.99963379,17.0076904 L5.99963379,16.0076904 C5.99963379,15.4948546 6.38567398,15.0721833 6.88301266,15.0144182 L6.99963379,15.0076904 L7.99963379,15.0076904 Z M17.4602359,16.0076904 C17.7583394,16.0076904 18,16.2315481 18,16.5076904 C18,16.7531503 17.8090583,16.9572988 17.5572592,16.9996348 L17.4602359,17.0076904 L10.5397641,17.0076904 C10.2416606,17.0076904 10,16.7838328 10,16.5076904 C10,16.2622305 10.1909417,16.0580821 10.4427408,16.0157461 L10.5397641,16.0076904 L17.4602359,16.0076904 Z M7.99963379,10.5 C8.51246963,10.5 8.93514095,10.8860402 8.99290606,11.3833789 L8.99963379,11.5 L8.99963379,12.5 C8.99963379,13.0128358 8.6135936,13.4355072 8.11625491,13.4932723 L7.99963379,13.5 L6.99963379,13.5 C6.48679795,13.5 6.06412663,13.1139598 6.00636152,12.6166211 L5.99963379,12.5 L5.99963379,11.5 C5.99963379,10.9871642 6.38567398,10.5644928 6.88301266,10.5067277 L6.99963379,10.5 L7.99963379,10.5 Z M17.4602359,11.5 C17.7583394,11.5 18,11.7238576 18,12 C18,12.2454599 17.8090583,12.4496084 17.5572592,12.4919443 L17.4602359,12.5 L10.5397641,12.5 C10.2416606,12.5 10,12.2761424 10,12 C10,11.7545401 10.1909417,11.5503916 10.4427408,11.5080557 L10.5397641,11.5 L17.4602359,11.5 Z M7.99963379,6 C8.51246963,6 8.93514095,6.38604019 8.99290606,6.88337887 L8.99963379,7 L8.99963379,8 C8.99963379,8.51283584 8.6135936,8.93550716 8.11625491,8.99327227 L7.99963379,9 L6.99963379,9 C6.48679795,9 6.06412663,8.61395981 6.00636152,8.11662113 L5.99963379,8 L5.99963379,7 C5.99963379,6.48716416 6.38567398,6.06449284 6.88301266,6.00672773 L6.99963379,6 L7.99963379,6 Z M17.4602359,7 C17.7583394,7 18,7.22385763 18,7.5 C18,7.74545989 17.8090583,7.94960837 17.5572592,7.99194433 L17.4602359,8 L10.5397641,8 C10.2416606,8 10,7.77614237 10,7.5 C10,7.25454011 10.1909417,7.05039163 10.4427408,7.00805567 L10.5397641,7 L17.4602359,7 Z"></path></svg><svg id="svg-logout" viewBox="0 0 24 24"> <path d="M19,2 C20.1045695,2 21,2.8954305 21,4 L21,20 C21,21.1045695 20.1045695,22 19,22 L11,22 C9.8954305,22 9,21.1045695 9,20 L9,17 L11,17 L11,20 L19,20 L19,4 L11,4 L11,7 L9,7 L9,4 C9,2.8954305 9.8954305,2 11,2 L19,2 Z M6.99241638,7.00630264 L8.40662994,8.42051621 L5.826,11 L15,11 L15,13 L5.828,13 L8.40662994,15.5794838 L6.99241638,16.9936974 L2,12.001281 L2.001,11.9993026 L2,11.998719 L6.99241638,7.00630264 Z"></path></svg><svg id="svg-loyalty" viewBox="0 0 24 24"><path d="M15.701 14.749l.749 4.535L12 17.735l-4.45 1.55.749-4.536-3.004-3.79 4.276-.662L12 6.37l2.428 3.927 4.276.662-3.004 3.79zm6.1-5.23l-6.235-.965-3.367-5.442a.233.233 0 00-.398 0L8.434 8.554 2.2 9.518a.238.238 0 00-.147.383l4.256 5.372-1.065 6.45a.236.236 0 00.308.264l6.45-2.245 6.448 2.245a.236.236 0 00.308-.264l-1.065-6.45 4.256-5.372a.238.238 0 00-.147-.383z"></path></svg><svg id="svg-menu" viewBox="0 0 24 24"><path d="M21.75 18a.25.25 0 01.244.193l.006.057v1.5a.25.25 0 01-.193.243L21.75 20H2.25a.25.25 0 01-.243-.306l.02-.056.75-1.5a.25.25 0 01.168-.132L3 18h18.75zm0-7a.25.25 0 01.244.193l.006.057v1.5a.25.25 0 01-.193.243L21.75 13H2.25a.25.25 0 01-.243-.306l.02-.056.75-1.5a.25.25 0 01.168-.132L3 11h18.75zm0-7a.25.25 0 01.244.193L22 4.25v1.5a.25.25 0 01-.193.243L21.75 6H2.25a.25.25 0 01-.243-.306l.02-.056.75-1.5a.25.25 0 01.168-.132L3 4h18.75z"></path></svg><svg id="svg-menu_outline" viewBox="0 0 24 24"><path d="M21.75 4H3a.25.25 0 00-.223.138l-.75 1.5A.25.25 0 002.25 6h19.5a.25.25 0 00.25-.25v-1.5a.25.25 0 00-.25-.25m0 7H3a.25.25 0 00-.223.138l-.75 1.5A.25.25 0 002.25 13h19.5a.25.25 0 00.25-.25v-1.5a.25.25 0 00-.25-.25m0 7H3a.25.25 0 00-.223.138l-.75 1.5A.25.25 0 002.25 20h19.5a.25.25 0 00.25-.25v-1.5a.25.25 0 00-.25-.25"></path></svg><svg id="svg-optional_time" viewBox="0 0 24 24" xmlns="http://www.w3.org/2000/svg"><path d="M14 2V3H13L13.0007 4.05501C14.4869 4.21942 15.8641 4.74573 17.042 5.54386L18 4.58579L19.4142 6L18.5677 6.84646C20.0762 8.45588 21 10.6201 21 13C21 17.9706 16.9706 22 12 22C7.02944 22 3 17.9706 3 13C3 10.6201 3.92377 8.45588 5.43232 6.84646L4.58579 6L6 4.58579L6.95796 5.54386C8.13619 4.74555 9.51369 4.21918 11.0003 4.0549L11 3H10V2H14ZM12 6C8.13401 6 5 9.13401 5 13C5 16.866 8.13401 20 12 20C15.866 20 19 16.866 19 13C19 9.13401 15.866 6 12 6ZM13 7V12L15.4749 14.5607L14.0607 15.9749L11 13V7H13Z"></path></svg><svg id="svg-orders" viewBox="0 0 24 24"><path d="M19.5 21.315a4.735 4.735 0 01-2.456.685c-.117 0-.237-.01-.354-.024l-.088-.009a4.694 4.694 0 01-2.056-.678 4.708 4.708 0 01-2.5.711c-.894 0-1.765-.25-2.501-.711a4.687 4.687 0 01-2.057.678l-.086.009a2.964 2.964 0 01-.355.024 4.9 4.9 0 01-2.539-.732c-.018.012 0-1.645 0-1.645V2.017c.016-.004.03-.017.045-.017.043 0 .087.015.123.043.685.54 1.524.809 2.37.809.123 0 .244-.018.366-.03a3.785 3.785 0 002.01-.779.195.195 0 01.245 0 3.844 3.844 0 002.379.808c.846 0 1.694-.27 2.377-.808A.198.198 0 0114.546 2a.2.2 0 01.123.043c.583.461 1.29.713 2.01.78.122.01.243.029.365.029a3.84 3.84 0 002.378-.809c.024-.017.051-.02.078-.026v19.298zM14.546 3.682a4.716 4.716 0 01-2.5.711 4.72 4.72 0 01-2.501-.71 4.687 4.687 0 01-2.057.678l-.086.008a3.147 3.147 0 01-.355.024c-.296 0-.587-.027-.873-.08v16.049c.286.065.579.097.873.097.122 0 .243-.019.365-.029a3.793 3.793 0 002.01-.78.195.195 0 01.245 0 3.844 3.844 0 002.379.808c.846 0 1.694-.27 2.377-.808a.198.198 0 01.123-.043.2.2 0 01.123.043c.583.461 1.29.713 2.01.78.122.01.243.03.365.03.265 0 .53-.027.789-.08V4.327a4.703 4.703 0 01-.789.066 3.16 3.16 0 01-.354-.024l-.088-.008a4.694 4.694 0 01-2.056-.679zm1.412 7.483c.116 0 .209.091.209.208v.417a.207.207 0 01-.209.208H8.104a.206.206 0 01-.208-.208v-.417c0-.117.091-.208.208-.208h7.854zm0-2.501c.117 0 .208.092.208.208v.417a.206.206 0 01-.208.209H8.091a.206.206 0 01-.208-.209v-.417c0-.116.092-.208.208-.208h7.867zm0-2.501c.117 0 .208.092.208.208v.417a.206.206 0 01-.208.209H8.091a.206.206 0 01-.208-.209v-.417c0-.116.092-.208.208-.208h7.867z"></path></svg><svg id="svg-orders_cancelled" viewBox="0 0 24 24"><path d="M6.292 2.017C6.306 2.013 6.32 2 6.336 2c.042 0 .085.015.12.043a3.7 3.7 0 002.326.809c.12 0 .239-.018.358-.03a3.676 3.676 0 001.973-.779.189.189 0 01.24 0 3.726 3.726 0 002.334.808c.83 0 1.661-.27 2.332-.808a.189.189 0 01.24 0 3.678 3.678 0 001.973.78c.12.01.24.029.359.029.83 0 1.662-.27 2.333-.809.022-.017.05-.02.076-.026v19.298a4.582 4.582 0 01-2.41.685c-.116 0-.232-.01-.348-.024l-.085-.009a4.543 4.543 0 01-2.018-.678 4.559 4.559 0 01-2.452.711 4.56 4.56 0 01-2.454-.711l-.111-.113a5.21 5.21 0 01-2.806.818C5.385 21.994 3 19.563 3 16.574c0-2.257 1.361-4.197 3.291-5.011V2.017zm9.847 1.665a4.566 4.566 0 01-2.452.711c-.878 0-1.732-.25-2.454-.71a4.543 4.543 0 01-2.018.678l-.085.008a3.056 3.056 0 01-.348.024c-.29 0-.576-.027-.856-.08v6.856c.129-.01.259-.015.39-.015 2.931 0 5.316 2.432 5.316 5.42a5.45 5.45 0 01-1.35 3.604 3.725 3.725 0 003.736-.528.189.189 0 01.242 0 3.686 3.686 0 001.972.78c.12.01.24.029.359.029.26 0 .519-.027.774-.08V4.328a4.577 4.577 0 01-.774.066c-.117 0-.233-.01-.349-.024l-.085-.008a4.543 4.543 0 01-2.018-.679zm-7.823 9.14c-2.03 0-3.68 1.683-3.68 3.752 0 2.07 1.65 3.753 3.68 3.753 2.03 0 3.68-1.684 3.68-3.753s-1.65-3.753-3.68-3.753zm1.3 1.832c.08-.08.21-.08.29 0l.289.295c.08.082.08.214 0 .296l-1.3 1.325 1.3 1.326c.08.082.08.214 0 .295l-.29.295a.202.202 0 01-.289 0l-1.3-1.327-1.3 1.327a.202.202 0 01-.29 0l-.289-.295a.211.211 0 010-.295l1.301-1.326-1.3-1.325a.211.211 0 010-.296l.288-.295c.08-.08.21-.08.29 0l1.3 1.327 1.3-1.327zm7.91-3.49c.113 0 .204.092.204.21v.416a.205.205 0 01-.205.208h-3.65a.204.204 0 01-.205-.208v-.417c0-.117.09-.208.205-.208h3.65zm0-2.5c.114 0 .203.092.203.208v.417c0 .117-.09.209-.204.209H9.807a.204.204 0 01-.204-.209v-.417c0-.116.09-.208.204-.208h7.718zm0-2.501c.114 0 .203.092.203.208v.417c0 .117-.09.209-.204.209H9.807a.204.204 0 01-.204-.209v-.417c0-.116.09-.208.204-.208h7.718z"></path></svg><svg id="svg-orders_edit" viewBox="0 0 24 24"><path d="M6.008 2.017c.016-.004.03-.017.045-.017.044 0 .087.015.124.043.684.54 1.523.809 2.37.809.122 0 .243-.018.365-.03a3.785 3.785 0 002.01-.779.195.195 0 01.245 0 3.844 3.844 0 002.379.808c.846 0 1.694-.27 2.377-.808A.198.198 0 0116.046 2a.2.2 0 01.123.043c.583.461 1.29.713 2.01.78.122.01.243.029.365.029a3.84 3.84 0 002.378-.809c.024-.017.051-.02.078-.026v8.932a.208.208 0 01-.209.208h-1.25a.208.208 0 01-.208-.208V4.327a4.753 4.753 0 01-.789.066 3.16 3.16 0 01-.354-.024l-.088-.008a4.694 4.694 0 01-2.056-.679 4.716 4.716 0 01-2.5.711 4.72 4.72 0 01-2.501-.71 4.687 4.687 0 01-2.057.678l-.086.008a3.147 3.147 0 01-.355.024 4.79 4.79 0 01-.873-.08V20.36c.286.065.58.097.873.097.04 0 .081-.002.122-.005l.243-.024a4.083 4.083 0 001.044-.237v1.582c-.31.094-.633.163-.967.193l-.087.009a3.174 3.174 0 01-.355.024 4.905 4.905 0 01-2.54-.732c-.017.012 0-1.645 0-1.645l.001-17.606zm5.943 18.871a.105.105 0 01.172-.04l.646.645a.105.105 0 01-.04.173l-.97.322a.104.104 0 01-.13-.131l.322-.969zm8.429-8.243a.103.103 0 01.147 0l.442.441c.04.041.04.107 0 .148l-.81.811.81.82a.105.105 0 01-.002.15l-.219.209-5.65 5.652c-.01.01-1.397.467-1.707.57a.102.102 0 01-.107-.028l-1.087-1.086a.102.102 0 01-.026-.106c.101-.307.56-1.698.57-1.708l5.871-5.873a.104.104 0 01.148 0l.81.81.81-.81zm-1.694 1.105l-5.356 5.358 1.179 1.178 5.356-5.357-1.179-1.179zm-1.228-2.585c.116 0 .209.091.209.208v.417a.207.207 0 01-.209.208H9.604a.206.206 0 01-.208-.208v-.417c0-.117.091-.208.208-.208h7.854zm0-2.501c.117 0 .209.092.209.208v.417a.206.206 0 01-.209.208H9.592a.206.206 0 01-.209-.208v-.417c0-.116.092-.208.209-.208h7.866zm0-2.501c.117 0 .209.092.209.208v.417a.206.206 0 01-.209.209H9.592a.206.206 0 01-.209-.209v-.417c0-.116.092-.208.209-.208h7.866z"></path></svg><svg id="svg-orders_placed" viewBox="0 0 24 24"><path d="M16.14 2c.04 0 .084.014.12.043a3.679 3.679 0 001.973.78c.12.01.239.029.358.029.83 0 1.662-.27 2.334-.809.022-.017.05-.02.075-.027v19.299a4.577 4.577 0 01-2.409.685c-.116 0-.233-.01-.348-.024l-.086-.009a4.55 4.55 0 01-2.018-.677 4.562 4.562 0 01-2.453.71 4.57 4.57 0 01-2.454-.71l-.11-.114a5.21 5.21 0 01-2.806.818C5.384 21.994 3 19.563 3 16.574c0-2.258 1.36-4.198 3.29-5.012V2.017c.016-.005.03-.017.046-.017.041 0 .085.015.12.043a3.7 3.7 0 002.325.809c.04 0 .08-.002.12-.005l.238-.024a3.676 3.676 0 001.974-.78.188.188 0 01.24 0 3.73 3.73 0 002.333.808c.832 0 1.662-.27 2.334-.808A.188.188 0 0116.14 2zm0 1.682a4.562 4.562 0 01-2.454.711c-.876 0-1.73-.25-2.454-.71a4.537 4.537 0 01-2.017.678l-.085.008a3.058 3.058 0 01-.349.024 4.58 4.58 0 01-.855-.08v6.855a5.01 5.01 0 01.39-.014c2.93 0 5.316 2.431 5.316 5.42 0 1.382-.51 2.646-1.35 3.604a3.727 3.727 0 003.737-.528.193.193 0 01.12-.043c.042 0 .085.015.121.043a3.68 3.68 0 001.973.78c.12.01.239.03.358.03.26 0 .52-.027.774-.08V4.327a4.568 4.568 0 01-.774.066c-.116 0-.233-.01-.348-.024l-.086-.008a4.55 4.55 0 01-2.018-.679zm-7.824 9.139c-2.03 0-3.68 1.684-3.68 3.753 0 2.07 1.65 3.753 3.68 3.753 2.029 0 3.68-1.683 3.68-3.753 0-2.07-1.651-3.753-3.68-3.753zm1.47 2.106a.102.102 0 01.144-.013l.469.405a.106.106 0 01.012.146l-2.18 2.637a.403.403 0 01-.625 0l-1.309-1.634a.107.107 0 01.012-.147l.47-.404a.1.1 0 01.142.013l.997 1.258 1.868-2.261zm7.739-3.762c.114 0 .204.091.204.208v.417c0 .117-.09.208-.204.208h-3.65a.204.204 0 01-.205-.208v-.417c0-.117.09-.208.204-.208h3.651zm0-2.501c.115 0 .204.091.204.208v.417c0 .117-.09.208-.204.208H9.807a.204.204 0 01-.205-.208v-.417c0-.117.09-.208.205-.208h7.718zm0-2.501c.115 0 .204.091.204.208v.417c0 .117-.09.208-.204.208H9.807a.204.204 0 01-.205-.208V6.37c0-.117.09-.208.205-.208h7.718z"></path></svg><svg id="svg-payment_card" viewBox="0 0 24 24"><path d="M19.496 17.833H4.504a.838.838 0 01-.837-.837v-6.663h16.666v6.663a.838.838 0 01-.837.837M4.504 6.167h14.992c.462 0 .837.375.837.837v.83H3.667v-.83c0-.462.375-.837.837-.837M19.503 4.5H4.498A2.498 2.498 0 002 6.998v10.005A2.498 2.498 0 004.498 19.5h15.005A2.498 2.498 0 0022 17.002V6.997A2.498 2.498 0 0019.503 4.5m-9.378 10H5.541a.207.207 0 00-.207.207v.419c0 .115.092.207.207.207h4.584a.208.208 0 00.209-.207v-.419a.208.208 0 00-.209-.207m8.333 0h-1.25a.206.206 0 00-.208.208v1.25c0 .117.092.209.208.209h1.25a.206.206 0 00.209-.209v-1.25a.206.206 0 00-.209-.208"></path></svg><svg id="svg-pinterest" xmlns:xlink="http://www.w3.org/1999/xlink" viewBox="0 0 32 32"><defs><path id="i_pinterest__a" d="M16.016 2.667c-7.375 0-13.35 5.97-13.35 13.338 0 5.653 3.524 10.486 8.481 12.42-.12-1.06-.219-2.678.044-3.826.24-1.039 1.565-6.626 1.565-6.626s-.394-.798-.394-1.978c0-1.86 1.072-3.237 2.418-3.237 1.138 0 1.685.853 1.685 1.88 0 1.149-.733 2.854-1.105 4.44-.318 1.323.667 2.405 1.98 2.405 2.375 0 4.191-2.504 4.191-6.112 0-3.192-2.298-5.423-5.58-5.423-3.797 0-6.03 2.843-6.03 5.784 0 1.148.438 2.373.996 3.04.11.13.12.251.088.382-.099.427-.329 1.323-.372 1.51-.055.24-.197.294-.449.174-1.663-.776-2.714-3.214-2.714-5.171 0-4.21 3.064-8.07 8.82-8.07 4.629 0 8.229 3.303 8.229 7.709 0 4.592-2.9 8.298-6.927 8.298-1.357 0-2.626-.7-3.064-1.53l-.831 3.17c-.307 1.16-1.117 2.613-1.664 3.499 1.248.383 2.572.59 3.95.59 7.376 0 13.35-5.97 13.35-13.338.033-7.359-5.942-13.328-13.317-13.328z"></path></defs><g fill="none" fill-rule="evenodd"><path d="M0 0h32v32H0z"></path><mask id="i_pinterest__b" fill="#fff"><use xlink:href="#i_pinterest__a"></use></mask><use fill="#000" xlink:href="#i_pinterest__a"></use><g fill="#CF2E05" mask="url(#i_pinterest__b)"><path d="M0 0h32v32H0z"></path></g></g></svg><svg id="svg-promotion" viewBox="0 0 24 24"><path d="M14.833 2.106l1.584 1.844c.076.088.232.18.348.2l2.388.45a.334.334 0 01.247.246l.45 2.39a.708.708 0 00.2.348l1.845 1.583c.088.076.13.229.09.339L21.18 11.8a.7.7 0 000 .4l.805 2.294a.333.333 0 01-.09.338l-1.845 1.585a.702.702 0 00-.2.346l-.45 2.39a.334.334 0 01-.247.247l-2.388.45a.702.702 0 00-.348.2l-1.584 1.845a.337.337 0 01-.338.09l-2.294-.806a.716.716 0 00-.4 0l-2.294.807a.34.34 0 01-.34-.091L7.584 20.05a.707.707 0 00-.346-.201l-2.39-.45a.337.337 0 01-.248-.248l-.45-2.389a.702.702 0 00-.2-.346l-1.844-1.585a.334.334 0 01-.091-.338L2.82 12.2a.716.716 0 000-.401l-.806-2.294a.336.336 0 01.09-.34L3.95 7.583a.708.708 0 00.2-.348l.449-2.39a.337.337 0 01.248-.247l2.39-.449a.707.707 0 00.346-.2l1.583-1.844c.076-.09.23-.13.34-.091l2.293.805c.11.039.29.039.401 0l2.294-.805c.11-.04.262.002.338.09zm-.87 1.897l-1.762.618a.716.716 0 01-.4 0l-1.762-.618a.336.336 0 00-.34.091L8.487 5.51a.71.71 0 01-.348.2l-1.834.345a.336.336 0 00-.248.247L5.71 8.137a.704.704 0 01-.2.348L4.094 9.7a.336.336 0 00-.09.339l.618 1.76a.7.7 0 010 .402l-.619 1.76a.335.335 0 00.091.338l1.417 1.216a.709.709 0 01.2.347l.345 1.835a.335.335 0 00.248.248l1.834.345a.71.71 0 01.348.2L9.7 19.906c.076.09.229.13.34.092l1.76-.62a.716.716 0 01.401 0l1.761.62a.337.337 0 00.338-.092l1.216-1.416a.71.71 0 01.347-.2l1.834-.345a.334.334 0 00.247-.248l.346-1.835a.716.716 0 01.2-.347l1.417-1.216a.334.334 0 00.09-.338l-.618-1.76a.7.7 0 010-.401l.618-1.761a.336.336 0 00-.09-.34L18.49 8.486a.71.71 0 01-.2-.348l-.346-1.835a.334.334 0 00-.247-.247l-1.834-.344a.71.71 0 01-.347-.2L14.3 4.093a.333.333 0 00-.338-.09zm.535 8.18c1.116 0 1.9.883 1.9 1.9 0 1.016-.784 1.911-1.9 1.911-1.117 0-1.89-.895-1.89-1.911 0-1.017.773-1.9 1.89-1.9zm.884-4.067l-5.38 7.734H8.72l5.38-7.734h1.282zm-.884 5.15c-.508 0-.751.397-.751.817 0 .42.23.817.75.817.531 0 .763-.397.763-.817 0-.42-.243-.818-.762-.818zm-5.006-5.26c1.116 0 1.9.884 1.9 1.9 0 1.028-.784 1.912-1.9 1.912-1.126 0-1.889-.884-1.889-1.911 0-1.017.763-1.9 1.89-1.9zm0 1.083c-.508 0-.75.398-.75.818 0 .42.232.817.75.817.52 0 .752-.397.752-.817 0-.42-.243-.818-.752-.818z"></path></svg><svg id="svg-recipes" viewBox="0 0 24 24" xmlns="http://www.w3.org/2000/svg"><path fill-rule="evenodd" clip-rule="evenodd" d="M2 10.5V8.5L21.3269 15.4025C21.847 15.5882 22.1181 16.1604 21.9323 16.6805C21.8708 16.8528 21.7631 17.0049 21.6211 17.1203L16.7042 21.1154C15.6428 21.9778 14.2143 22.2381 12.9169 21.8056L9.73283 20.7443C8.35471 20.2849 7.33397 19.1145 7.06626 17.6867L6 12L2 10.5Z"></path><path d="M13.8333 2.72554C13.985 2.1945 14.5385 1.88701 15.0696 2.03873C15.5627 2.17962 15.863 2.66692 15.7819 3.161L15.7564 3.27498L15.077 5.65293C14.9567 6.07392 14.9783 6.52098 15.1355 6.92599L15.2111 7.0968L16.0868 8.84807C16.5637 9.80187 16.6387 10.9035 16.3015 11.9087L16.223 12.1225C16.2074 12.1602 16.1957 12.1886 16.1878 12.2078L14.3024 11.5395C14.316 11.5054 14.3372 11.4522 14.366 11.3797C14.5546 10.9082 14.556 10.3851 14.3745 9.91576L14.2979 9.7425L13.4223 7.99122C13.012 7.1707 12.8974 6.23653 13.0929 5.34535L13.1539 5.10348L13.8333 2.72554Z"></path><path d="M8.83332 2.72554C8.98505 2.1945 9.53853 1.88701 10.0696 2.03873C10.5627 2.17962 10.863 2.66692 10.7819 3.161L10.7564 3.27498L10.077 5.65293C9.95667 6.07392 9.9783 6.52098 10.1355 6.92599L10.2111 7.0968L11.0868 8.84807C11.3538 9.38211 11.4948 9.96249 11.5081 10.5463C11.5081 10.5463 10.7714 10.2784 9.29793 9.7425L8.4223 7.99122C8.01204 7.1707 7.89738 6.23653 8.09289 5.34535L8.15391 5.10348L8.83332 2.72554Z"></path><path d="M18.7858 3.62888C18.9909 3.11609 19.5728 2.86668 20.0856 3.07179C20.5618 3.26225 20.8109 3.77766 20.6798 4.26088L20.6427 4.37166L20.143 5.62081C19.9545 6.0923 19.9531 6.61546 20.1345 7.08476L20.2111 7.25802L21.0529 8.9416C21.4909 9.81748 21.5911 10.8208 21.34 11.7616L21.27 11.9954L20.6563 13.8125C19.4093 13.3654 18.7839 13.1419 18.7803 13.1419C18.9119 12.7466 19.1094 12.1536 19.3726 11.3629C19.5217 10.9156 19.5074 10.4319 19.3358 9.99678L19.2641 9.83603L18.4223 8.15245C17.9454 7.19865 17.8704 6.097 18.2075 5.09185L18.2861 4.87803L18.7858 3.62888Z"></path></svg><svg id="svg-recurring_order" viewBox="0 0 24 24" xmlns="http://www.w3.org/2000/svg"><path fill-rule="evenodd" clip-rule="evenodd" d="M9 2V4H17V2H19V4H20C21.0544 4 21.9182 4.81588 21.9945 5.85074L22 6V19C22 20.1046 21.1046 21 20 21L9.91895 21.0009C10.4357 20.4238 11.2297 19.746 11.4932 19.0007L19.9995 19L20 9H6L5.99967 10.0719C5.26921 10.0719 4.76302 10.305 3.99904 10.7922L4 6L4.00549 5.85074C4.07802 4.86762 4.86123 4.08214 5.84335 4.00604L6 4H7V2H9ZM18 12V17H13V12H18Z"></path><path d="M3.43111 17.0805C2.93296 15.8308 3.16429 14.4049 4.02043 13.4481C4.87693 12.4919 6.1544 12.2333 7.27398 12.7897C7.28463 12.7948 7.29562 12.797 7.30627 12.8016L6.75774 13.2822C6.52889 13.4828 6.4888 13.8525 6.66851 14.1083C6.77247 14.2561 6.92698 14.3335 7.08327 14.3335C7.19717 14.3335 7.31159 14.2925 7.4081 14.2079L8.79839 12.9898C8.95593 12.8519 9.02973 12.626 8.98892 12.4069L8.6272 10.4684C8.56795 10.1505 8.28943 9.94627 8.00399 10.0124C7.71926 10.0786 7.53636 10.3903 7.59561 10.7085L7.76272 11.6041C7.75811 11.6015 7.75421 11.5979 7.7496 11.5957C6.18385 10.8177 4.39564 11.1818 3.19285 12.524C1.99131 13.8669 1.66525 15.8641 2.36208 17.6123C2.45894 17.8556 2.67271 18 2.89695 18C2.97642 18 3.05732 17.9818 3.13449 17.9433C3.42986 17.7965 3.56256 17.4102 3.43111 17.0805Z"></path><path d="M10.581 14.3861C10.429 14.0581 10.0279 13.9105 9.68556 14.0561C9.34306 14.2017 9.18879 14.5857 9.34101 14.9138C9.91801 16.1577 9.64956 17.576 8.65704 18.5266C7.68426 19.4584 6.24433 19.7224 4.96567 19.2127L5.60048 18.7358C5.86583 18.5364 5.91232 18.1687 5.70395 17.9144C5.49577 17.6602 5.11172 17.6156 4.84636 17.8152L3.23385 19.0268C3.05118 19.164 2.9654 19.3886 3.01292 19.6063L3.43214 21.5342C3.49221 21.8102 3.74626 22 4.02951 22C4.07065 22 4.11261 21.9959 4.15458 21.9878C4.48473 21.9218 4.69682 21.612 4.62811 21.2956L4.43516 20.4091C5.0387 20.6513 5.66815 20.7711 6.29082 20.7711C7.51497 20.7711 8.7097 20.3141 9.61665 19.4452C11.0095 18.1116 11.388 16.1256 10.581 14.3861Z"></path></svg><svg id="svg-regulars" viewBox="0 0 24 24" xmlns="http://www.w3.org/2000/svg"><path d="M15.1033 6.86267C15.2639 6.95999 15.2832 7.18122 15.1499 7.31339L14.0791 8.37455C13.8888 8.56314 14.0223 8.88763 14.2903 8.88763H19.194C19.3597 8.88763 19.494 8.75332 19.494 8.58764L19.4941 3.72076C19.4941 3.45399 19.172 3.3199 18.9827 3.50788L17.5612 4.91947C17.5602 4.92051 17.5584 4.92025 17.5577 4.91895C17.5576 4.91868 17.5574 4.91845 17.5571 4.91826C15.9778 3.6749 14.04 3 12 3C7.0365 3 3 7.0365 3 12C3 16.9635 7.0365 21 12 21C16.8629 21 20.836 17.1254 20.9951 12.3006C21.0005 12.135 20.8657 12 20.7 12H18.3C18.1344 12 18.0008 12.1345 17.9926 12.3C17.8359 15.4702 15.2085 18.0001 11.9999 18.0001C8.69083 18.0001 5.99983 15.3091 5.99983 12C5.99983 8.69089 8.6908 5.99989 11.9999 5.99989C13.1111 5.99989 14.1773 6.30141 15.1033 6.86267Z"></path></svg><svg id="svg-regulars_outline" viewBox="0 0 24 24" xmlns="http://www.w3.org/2000/svg"><path fill-rule="evenodd" clip-rule="evenodd" d="M2.5 12C2.5 6.76036 6.76036 2.5 12 2.5C14.0026 2.5 15.9146 3.11763 17.5143 4.26139L18.9713 2.81453C19.3499 2.43857 19.9941 2.70674 19.9941 3.24028L19.994 8.78764C19.994 9.119 19.7254 9.38763 19.394 9.38763H13.8043C13.2685 9.38763 13.0014 8.73865 13.382 8.36146L14.6024 7.15202C13.8127 6.72693 12.924 6.49989 11.9999 6.49989C8.96694 6.49989 6.49983 8.96703 6.49983 12C6.49983 15.033 8.96697 17.5001 11.9999 17.5001C15.0021 17.5001 17.45 15.0827 17.4993 12.0921C17.5046 11.7719 17.7641 11.5 18.1 11.5H20.9C21.2329 11.5 21.5031 11.7718 21.4994 12.1059C21.4424 17.297 17.2043 21.5 12 21.5C6.76036 21.5 2.5 17.2396 2.5 12ZM17.2312 5.29827C15.7433 4.13306 13.9205 3.5 12 3.5C7.31264 3.5 3.5 7.31264 3.5 12C3.5 16.6874 7.31264 20.5 12 20.5C16.5195 20.5 20.2259 16.9555 20.4855 12.5H18.481C18.225 15.8524 15.417 18.5001 11.9999 18.5001C8.41469 18.5001 5.49983 15.5853 5.49983 12C5.49983 8.41475 8.41465 5.49989 11.9999 5.49989C13.2915 5.49989 14.5291 5.87662 15.5829 6.5748C15.9053 6.78839 15.9374 7.23684 15.6729 7.49902L14.7762 8.38763H18.994L18.9941 4.20123L17.9136 5.27425C17.7206 5.4659 17.4222 5.4634 17.2312 5.29827ZM17.9754 4.64397C17.9425 4.59385 17.9022 4.55177 17.8569 4.51812L17.8612 4.52151C17.8774 4.53389 17.8894 4.54464 17.8964 4.55107C17.9161 4.56918 17.9307 4.5856 17.9401 4.59676C17.949 4.60731 17.9618 4.62328 17.9754 4.64397Z"></path></svg><svg id="svg-reviews" viewBox="0 0 24 24" xmlns="http://www.w3.org/2000/svg"><path d="M12 2L15.2328 8.55041L22.4616 9.60081L17.2308 14.6996L18.4656 21.8992L12 18.5L5.53436 21.8992L6.76919 14.6996L1.53838 9.60081L8.76718 8.55041L12 2Z"></path></svg><svg id="svg-reviews_add" viewBox="0 0 24 24" xmlns="http://www.w3.org/2000/svg"><path fill-rule="evenodd" clip-rule="evenodd" d="M21.0666 16.7819C21.0666 19.6634 18.7385 21.9994 15.8666 21.9994C12.9947 21.9994 10.6665 19.6634 10.6665 16.7819C10.6665 13.9004 12.9947 11.5645 15.8666 11.5645C18.7385 11.5645 21.0666 13.9004 21.0666 16.7819ZM15.0001 14.1719H16.7335V15.9111H18.4668V17.6502H16.7335V19.3893H15.0001V17.6502H13.2668V15.9111H15.0001V14.1719Z"></path><path fill-rule="evenodd" clip-rule="evenodd" d="M15.0902 8.28231L12 2L8.90983 8.28231L2 9.28973L7 14.1798L5.81966 21.0848L10.1425 18.8045C9.92073 18.1721 9.80008 17.4918 9.80008 16.7833C9.80008 13.4215 12.5163 10.6963 15.8668 10.6963C17.1845 10.6963 18.404 11.1178 19.3989 11.8337L22 9.28973L15.0902 8.28231Z"></path></svg><svg id="svg-reviews_outline" viewBox="0 0 24 24" xmlns="http://www.w3.org/2000/svg"><path fill-rule="evenodd" clip-rule="evenodd" d="M15.2328 8.55041L12 2L8.76713 8.55041L1.53833 9.60081L6.76914 14.6996L5.53431 21.8992L12 18.5L18.4656 21.8992L17.2308 14.6996L22.4616 9.60081L15.2328 8.55041ZM20.3126 10.2991L14.5687 9.46441L12 4.25955L9.4312 9.46441L3.68729 10.2991L7.84362 14.3505L6.86244 20.0712L12 17.3702L17.1375 20.0712L16.1563 14.3505L20.3126 10.2991Z"></path></svg><svg id="svg-refresh" viewBox="0 0 24 24" xmlns="http://www.w3.org/2000/svg"><path d="M3.19897 12.6848C2.5368 12.6848 2 12.148 2 11.4859C2.04169 7.71488 4.28928 4.31825 7.74384 2.80559C11.1984 1.29292 15.2188 1.94496 18.0182 4.47192V3.94437C18.0182 3.2822 18.555 2.7454 19.2172 2.7454C19.8793 2.7454 20.4161 3.2822 20.4161 3.94437V7.33745C20.4161 7.99962 19.8793 8.53642 19.2172 8.53642H15.8241C15.1619 8.53642 14.6251 7.99962 14.6251 7.33745C14.6251 6.67528 15.1619 6.13848 15.8241 6.13848H16.2078C14.0879 4.34053 11.1219 3.92477 8.58933 5.07056C6.05681 6.21634 4.411 8.71864 4.36197 11.4979C4.35582 12.1416 3.84243 12.6656 3.19897 12.6848Z"></path><path d="M20.813 11.1377C20.1508 11.1377 19.6139 11.6745 19.6139 12.3367C19.6138 15.1278 17.9993 17.667 15.4719 18.8511C12.9444 20.0352 9.96012 19.6505 7.81552 17.8642H8.23518C8.89738 17.8642 9.4342 17.3274 9.4342 16.6652C9.4342 16.003 8.89738 15.4662 8.23518 15.4662H4.80596C4.14376 15.4662 3.60693 16.003 3.60693 16.6652V20.0585C3.60693 20.7207 4.14376 21.2575 4.80596 21.2575C5.46816 21.2575 6.00499 20.7207 6.00499 20.0585V19.5309C9.78945 22.9436 15.5818 22.8014 19.1943 19.2071C21.0269 17.3903 22.04 14.905 22 12.3247C21.9935 11.6719 21.4658 11.1442 20.813 11.1377Z"></path></svg><svg id="svg-save_on" viewBox="0 0 24 24"><path d="M4 3.875C4 2.85938 4.875 2 6 2H18C19.0833 2 20 2.85938 20 3.875V21.0625C20 21.6094 19.5417 22 18.9583 22C18.75 22 18.5417 21.9609 18.375 21.8438L12 17.625L5.58333 21.8438C5.41667 21.9609 5.20833 22 5 22C4.41667 22 4 21.6094 4 21.0625V3.875Z"></path></svg><svg id="svg-save_off" viewBox="0 0 24 24"><path d="M18.9089 20.9977C18.9088 20.9977 18.9087 20.9977 18.9085 20.9977L12.5519 16.7911L12.0018 16.427L11.4506 16.7894L5.04995 20.9977C5.04977 20.9977 5.04958 20.9977 5.0494 20.9977C5.03746 20.999 5.02112 21 5 21V3.875C5 3.45832 5.37944 3 6 3H18C18.5928 3 19 3.47147 19 3.875V20.9969C18.9889 20.9987 18.9751 21 18.9583 21C18.9372 21 18.9209 20.999 18.9089 20.9977Z" stroke="currentColor" stroke-width="2" fill="none"></path></svg><svg id="svg-search" viewBox="0 0 24 24"><path d="M13.35 17.534a6.89 6.89 0 01-6.883-6.882 6.89 6.89 0 016.882-6.882c3.794 0 6.881 3.088 6.881 6.882a6.89 6.89 0 01-6.88 6.882M13.35 2a8.652 8.652 0 00-8.653 8.652c0 2.07.73 3.969 1.943 5.458l-4.575 4.575a.22.22 0 000 .312l.939.939a.222.222 0 00.312 0l4.575-4.575a8.612 8.612 0 005.458 1.942A8.652 8.652 0 0013.35 2"></path></svg><svg id="svg-servings" viewBox="0 0 24 24"><path d="M12,13 C21,13 22,19.0729594 22,22 L2,22 C2,19.0666711 4,13 12,13 Z M12,2 C14.7614237,2 17,4.23857625 17,7 C17,9.76142375 14.7614237,12 12,12 C9.23857625,12 7,9.76142375 7,7 C7,4.23857625 9.23857625,2 12,2 Z"></path></svg><svg id="svg-settings" viewBox="0 0 24 24"><path d="M14.721 2c.128 0 .25.104.271.23l.427 2.53c.022.127.13.28.242.343l.428.26a.528.528 0 00.414.043l2.405-.902c.12-.045.27.01.334.12l2.722 4.748a.288.288 0 01-.062.352l-1.97 1.642c-.098.082-.156.21-.158.382v.504c.001.144.06.3.158.382l1.972 1.64a.29.29 0 01.062.351l-2.723 4.748a.285.285 0 01-.334.121l-2.406-.9a.521.521 0 00-.413.044l-.429.259a.55.55 0 00-.241.344l-.424 2.528a.286.286 0 01-.271.231H9.279a.285.285 0 01-.27-.231l-.427-2.53a.546.546 0 00-.242-.343l-.428-.258a.528.528 0 00-.413-.044l-2.406.902a.283.283 0 01-.333-.12l-2.723-4.748a.288.288 0 01.063-.352l1.97-1.642c.098-.08.157-.251.157-.381v-.505a.533.533 0 00-.158-.382l-1.972-1.64a.289.289 0 01-.063-.351L4.76 4.628a.284.284 0 01.333-.121l2.407.898c.12.045.306.026.413-.043l.429-.259a.553.553 0 00.241-.343l.424-2.53c.021-.126.144-.23.309-.23h5.406zm-1.569 1.87h-2.304a.286.286 0 00-.272.23l-.33 1.966c-.02.126-.17.235-.261.294l-1.77 1.117a.55.55 0 01-.419.037l-1.883-.698a.273.273 0 00-.33.115L4.429 8.94a.29.29 0 00.063.352l1.552 1.29c.099.082.121.236.125.377l.054 2.074c0 .129-.08.3-.179.383L4.493 14.71a.288.288 0 00-.063.352l1.154 2.01a.283.283 0 00.333.12l1.88-.704c.12-.045.223.003.38.086l1.824.979a.56.56 0 01.24.347l.336 2a.286.286 0 00.272.23h2.305a.273.273 0 00.263-.231l.337-1.964a.572.572 0 01.239-.348s1.809-.989 1.887-1.033c.147-.082.217-.108.323-.067l1.883.705c.119.044.27-.01.333-.122l1.152-2.01a.29.29 0 00-.062-.352l-1.551-1.29a.537.537 0 01-.18-.383l.026-.832.01-.336.031-.91c.008-.173.004-.292.113-.372l1.55-1.293a.29.29 0 00.063-.352l-1.153-2.01a.284.284 0 00-.333-.12l-1.881.704c-.12.045-.263-.021-.38-.087l-1.838-1.045a.583.583 0 01-.237-.352l-.325-1.93a.286.286 0 00-.272-.23zM12 7.675c2.37 0 4.297 1.94 4.297 4.324 0 2.386-1.927 4.326-4.297 4.326-2.369 0-4.296-1.94-4.296-4.326 0-2.384 1.927-4.324 4.296-4.324zm0 1.87a2.45 2.45 0 00-2.438 2.454A2.45 2.45 0 0012 14.455a2.45 2.45 0 002.44-2.456A2.45 2.45 0 0012 9.545z"></path></svg><svg id="svg-slot" viewBox="0 0 24 24"><path d="M12 2c5.514 0 10 4.486 10 10s-4.486 10-10 10S2 17.514 2 12 6.486 2 12 2zm0 1.818c-4.512 0-8.182 3.67-8.182 8.182 0 4.512 3.67 8.182 8.182 8.182 4.512 0 8.182-3.67 8.182-8.182 0-4.512-3.67-8.182-8.182-8.182zm.682 1.818c.104 0 .192.071.219.167l.008.06v5.76l4.118 4.119a.227.227 0 01.037.273l-.037.049-.963.963a.227.227 0 01-.274.037l-.048-.037-4.651-4.65V5.863c0-.105.07-.193.167-.22l.06-.008h1.364z"></path></svg><svg id="svg-slot_outline" viewBox="0 0 24 24"><path d="M12 20.182c-4.512 0-8.182-3.67-8.182-8.182 0-4.512 3.67-8.182 8.182-8.182 4.512 0 8.182 3.67 8.182 8.182 0 4.512-3.67 8.182-8.182 8.182M12 2C6.486 2 2 6.486 2 12s4.486 10 10 10 10-4.486 10-10S17.514 2 12 2m.91 9.624v-5.76a.227.227 0 00-.228-.228h-1.364a.227.227 0 00-.227.228v6.512l4.65 4.651c.09.09.234.09.323 0l.963-.963a.227.227 0 000-.322l-4.118-4.118z"></path></svg><svg id="svg-smart_cart" viewBox="0 0 24 24"><g stroke="none" stroke-width="1"><path d="M12.8627055,17.1476033 C13.6140004,16.7981796 14.5062705,17.1220949 14.8566051,17.8714363 C15.2066227,18.6200995 14.8821799,19.5107276 14.130885,19.8601512 C13.3802699,20.2092586 12.493802,19.8818192 12.1437844,19.133156 C11.7934498,18.3838146 12.1120904,17.4967107 12.8627055,17.1476033 Z M11.5033835,17.0058134 L11.0032054,18.0035683 L6.50030209,18.0035683 C6.22477967,18.0035683 6.00142461,17.7802133 6.00142461,17.5046908 C6.00142461,17.2291684 6.22477967,17.0058134 6.50030209,17.0058134 L11.5033835,17.0058134 Z M4.50219098,17.0058134 C4.7777134,17.0058134 5.00106846,17.2291684 5.00106846,17.5046908 C5.00106846,17.7802133 4.7777134,18.0035683 4.50219098,18.0035683 L4.49958978,18.0035683 C4.22406736,18.0035683 4.00071231,17.7802133 4.00071231,17.5046908 C4.00071231,17.2291684 4.22406736,17.0058134 4.49958978,17.0058134 L4.50219098,17.0058134 Z M19.8651985,14.1543384 C20.6164935,13.8049148 21.5087636,14.1288301 21.8590982,14.8781714 C22.2091157,15.6268347 21.884673,16.5174628 21.1333781,16.8668864 C20.382763,17.2159938 19.496295,16.8885544 19.1462775,16.1398911 C18.7959429,15.3905498 19.1145835,14.5034458 19.8651985,14.1543384 Z M17.8791763,3.07039353 C18.2551637,2.8955236 18.7017973,3.0576622 18.8771231,3.43267196 C18.9326059,3.55134594 18.9536427,3.67778468 18.9442707,3.79937778 L18.9442707,3.79937778 L18.5715947,9.32998073 C18.5337327,9.85450425 18.2192887,10.3433717 17.7080002,10.5811695 L17.7080002,10.5811695 L12.5037396,13.0147936 L12.5492998,14.325347 L12.5672651,14.4168882 C12.6113343,14.5111492 12.7219958,14.551322 12.8158226,14.5076836 L12.8158226,14.5076836 L20.6870821,10.8467991 L21.3211719,12.2030731 L13.1623126,15.9977188 C12.4116976,16.3468262 11.5184305,16.022549 11.168413,15.2738858 C11.0583984,15.0385722 11.0149192,14.7879997 11.0299925,14.544044 L11.0299925,14.544044 L11.0032054,12.5159161 L6.00142461,8.52489629 L5.00106846,9.02377376 L4.32652988,7.72330292 L5.68701966,7.09054575 C6.2295838,6.83820181 6.84709521,6.93737779 7.27862427,7.29560221 L7.27862427,7.29560221 L7.825422,7.74634569 Z M10.0028492,14.0125485 L10.0028492,15.0103035 L2.49887748,15.0103035 C2.22335505,15.0103035 2,14.7869484 2,14.511426 C2,14.2359036 2.22335505,14.0125485 2.49887748,14.0125485 L10.0028492,14.0125485 Z M8.00213692,11.0192837 L9.31510437,12.0170386 L3.49923363,12.0170386 C3.22371121,12.0170386 3.00035615,11.7936836 3.00035615,11.5181611 C3.00035615,11.2426387 3.22371121,11.0192837 3.49923363,11.0192837 L8.00213692,11.0192837 Z"></path></g></svg><svg id="svg-smart_cart_remove" viewBox="0 0 24 24"><g transform="translate(2.000000, 2.000000)"><path d="M12.8566051,17.8714363 C13.2066227,18.6200995 12.8821799,19.5107276 12.130885,19.8601512 C11.3802699,20.2092586 10.493802,19.8818192 10.1437844,19.133156 C9.7934498,18.3838146 10.1120904,17.4967107 10.8627055,17.1476033 C11.6140004,16.7981796 12.5062705,17.1220949 12.8566051,17.8714363 Z M9.5033835,17.0058134 L9.0032054,18.0035683 L4.50030209,18.0035683 C4.22477967,18.0035683 4.00142461,17.7802133 4.00142461,17.5046908 C4.00142461,17.2291684 4.22477967,17.0058134 4.50030209,17.0058134 L9.5033835,17.0058134 Z M2.50219098,17.0058134 C2.7777134,17.0058134 3.00106846,17.2291684 3.00106846,17.5046908 C3.00106846,17.7495997 2.82459039,17.9532898 2.59186484,17.9955307 L2.49958978,18.0035683 C2.22406736,18.0035683 2.00071231,17.7802133 2.00071231,17.5046908 C2.00071231,17.259782 2.17719037,17.0560919 2.40991592,17.013851 L2.50219098,17.0058134 Z M19.8590982,14.8781714 C20.2091157,15.6268347 19.884673,16.5174628 19.1333781,16.8668864 C18.382763,17.2159938 17.496295,16.8885544 17.1462775,16.1398911 C16.7959429,15.3905498 17.1145835,14.5034458 17.8651985,14.1543384 C18.6164935,13.8049148 19.5087636,14.1288301 19.8590982,14.8781714 Z M10.372044,5.63060398 C10.8891482,7.98668311 12.9886517,9.75 15.5,9.75 C15.8456282,9.75 16.1834556,9.7166009 16.5104309,9.6528541 C16.4071831,10.0026096 16.1748264,10.3131236 15.8425022,10.5102526 L15.7080002,10.5811695 L10.5037396,13.0147936 L10.5492998,14.325347 L10.5672651,14.4168882 C10.6025205,14.492297 10.6803949,14.5330894 10.7581738,14.524047 L10.8158226,14.5076836 L18.6870821,10.8467991 L19.3211719,12.2030731 L11.1623126,15.9977188 C10.4116976,16.3468262 9.5184305,16.022549 9.168413,15.2738858 C9.0804013,15.0856349 9.0349723,14.8876183 9.0280387,14.6910364 L9.0299925,14.544044 L9.0032054,12.5159161 L4.00142461,8.5248963 L3.00106846,9.0237738 L2.32652988,7.72330292 L3.68701966,7.09054575 C4.18437012,6.85923047 4.74469711,6.92328957 5.16701837,7.21149646 L5.27862427,7.29560221 L5.825422,7.74634569 L10.372044,5.63060398 Z M8.0028492,14.0125485 L8.0028492,15.0103035 L0.49887748,15.0103035 C0.22335505,15.0103035 0,14.7869484 0,14.511426 C0,14.2359036 0.22335505,14.0125485 0.49887748,14.0125485 L8.0028492,14.0125485 Z M6.00213692,11.0192837 L7.31510437,12.0170386 L1.49923363,12.0170386 C1.22371121,12.0170386 1.00035615,11.7936836 1.00035615,11.5181611 C1.00035615,11.2426387 1.22371121,11.0192837 1.49923363,11.0192837 L6.00213692,11.0192837 Z M15.5,0 C17.9852814,0 20,2.01471863 20,4.5 C20,6.98528137 17.9852814,9 15.5,9 C13.0147186,9 11,6.98528137 11,4.5 C11,2.01471863 13.0147186,0 15.5,0 Z M16.8466963,1.99899265 L15.4999927,3.34499265 L14.1533037,1.99899265 L12.9989927,3.15330373 L14.3449927,4.49999265 L12.9989927,5.84669627 L14.1533037,7.00100735 L15.4999927,5.65399265 L16.8466963,7.00100735 L18.0010073,5.84669627 L16.6539927,4.49999265 L18.0010073,3.15330373 L16.8466963,1.99899265 Z"></path></g></svg><svg id="svg-total_time" viewBox="0 0 24 24" xmlns="http://www.w3.org/2000/svg"><path d="M14 2V3H13L13.0007 4.05501C14.4869 4.21942 15.8641 4.74573 17.042 5.54386L18 4.58579L19.4142 6L18.5677 6.84646C20.0762 8.45588 21 10.6201 21 13C21 17.9706 16.9706 22 12 22C7.02944 22 3 17.9706 3 13C3 10.6201 3.92377 8.45588 5.43232 6.84646L4.58579 6L6 4.58579L6.95796 5.54386C8.13619 4.74555 9.51369 4.21918 11.0003 4.0549L11 3H10V2H14ZM12 6C8.13401 6 5 9.13401 5 13C5 16.866 8.13401 20 12 20C15.866 20 19 16.866 19 13C19 9.13401 15.866 6 12 6ZM12 7C15.3137 7 18 9.68629 18 13C18 16.3137 15.3137 19 12 19C8.68629 19 6 16.3137 6 13C6 9.68629 8.68629 7 12 7ZM14.2717 10L10.8223 13.4483L9.10142 11.5861L8 12.6044L10.7808 15.6122L15.3323 11.0607L14.2717 10Z"></path></svg><svg id="svg-trolley" viewBox="0 0 24 24"><path d="M15.94 18.412h.437a.22.22 0 00.22-.192l1.152-6.474a.219.219 0 00-.22-.246h-.437a.22.22 0 00-.22.19l-1.152 6.475a.22.22 0 00.22.247m-3.87-6.694v6.474c0 .122.098.22.22.22h.433a.22.22 0 00.221-.22v-6.474a.22.22 0 00-.221-.218h-.432a.22.22 0 00-.222.218M7.911 11.5h-.438a.22.22 0 00-.22.246l1.178 6.475a.22.22 0 00.22.19h.434a.22.22 0 00.22-.245L8.13 11.69a.22.22 0 00-.22-.191m11.187 7.773H5.907l-1.13-9.5h15.448l-1.128 9.5zm3.676-11.228h-9.14L8.708 2.083a.232.232 0 00-.323-.032l-1 .806a.223.223 0 00-.033.317l4.023 4.871h-9.15a.221.221 0 00-.222.22v.857c0 .002-.003.003-.003.006v.426c0 .121.1.219.221.219h.654l1.498 11.039a.224.224 0 00.222.188h15.814c.11 0 .204-.08.22-.188l1.5-11.04h.644c.126 0 .227-.1.227-.223v-1.28a.225.225 0 00-.227-.224z"></path></svg><svg id="svg-trolley_empty" viewBox="0 0 24 24"><path d="M8.638 2.048a.207.207 0 01.295.03l4.503 5.64h8.356A.21.21 0 0122 7.93v1.21a.21.21 0 01-.208.212h-.589l-1.37 10.44a.207.207 0 01-.202.179h-8.344C10.334 21.206 8.857 22 7.201 22 4.333 22 2 19.618 2 16.69c0-1.703.788-3.22 2.012-4.193L3.6 9.352h-.598a.205.205 0 01-.202-.207v-.403c0-.003.002-.004.002-.005v-.812c0-.114.091-.207.203-.207h8.367l-3.68-4.607a.216.216 0 01.03-.3l.916-.763zM7.2 13.012c-1.985 0-3.601 1.65-3.601 3.678 0 2.027 1.616 3.677 3.601 3.677 1.985 0 3.601-1.65 3.601-3.677 0-2.028-1.616-3.678-3.601-3.678zm1.555 1.796l.283.29a.208.208 0 010 .289l-1.272 1.298 1.272 1.3c.078.08.078.21 0 .29l-.283.288a.197.197 0 01-.283 0l-1.272-1.3-1.273 1.3a.197.197 0 01-.283 0l-.282-.289a.207.207 0 010-.289l1.272-1.3-1.272-1.298a.207.207 0 010-.29l.282-.289a.198.198 0 01.283 0l1.273 1.3 1.272-1.3a.198.198 0 01.283 0zm10.707-5.456H5.34l.261 2.283a5.083 5.083 0 012.033-.238l-.03-.179a.206.206 0 01.2-.233h.4c.102 0 .188.078.2.181l.065.372c1.603.412 2.914 1.586 3.538 3.121v-3.467c0-.114.09-.207.202-.207h.395c.11 0 .202.093.202.207v6.123a.205.205 0 01-.202.208h-.266c-.043.279-.108.55-.192.814h6.286l1.03-8.985zm-2.465 1.633c.122 0 .217.11.2.233l-1.053 6.123a.204.204 0 01-.2.182h-.4a.205.205 0 01-.201-.233l1.053-6.124c.013-.103.1-.18.201-.18h.4z"></path></svg><svg id="svg-twitter" xmlns:xlink="http://www.w3.org/1999/xlink" viewBox="0 0 32 32"><defs><path id="i_twitter__a" d="M29.333 8.085c-1.05.423-2.1.846-3.15.846 1.05-.635 2.1-1.693 2.52-3.174-1.05.635-2.31 1.058-3.57 1.27-1.049-1.059-2.519-1.694-3.989-1.694-2.94 0-5.459 2.54-5.459 5.503 0 .423 0 .847.21 1.27-4.62-.212-8.609-2.54-11.339-5.714-.42.846-.84 1.693-.84 2.75 0 1.906 1.05 3.599 2.52 4.657-.84 0-1.68-.212-2.52-.635 0 2.751 1.89 4.868 4.41 5.503-.42.211-1.05.211-1.47.211h-1.05c.63 2.117 2.73 3.81 5.25 3.81-1.89 1.481-4.2 2.328-6.93 2.328h-1.26c2.52 1.481 5.25 2.54 8.4 2.54 10.078 0 15.748-8.466 15.748-15.873v-.635c.84-.847 1.68-1.694 2.52-2.963z"></path></defs><g fill="none" fill-rule="evenodd"><path d="M0 0h32v32H0z"></path><mask id="i_twitter__b" fill="#fff"><use xlink:href="#i_twitter__a"></use></mask><use fill="#000" xlink:href="#i_twitter__a"></use><g fill="#CF2E05" mask="url(#i_twitter__b)"><path d="M0 0h32v32H0z"></path></g></g></svg><svg id="svg-view_details" viewBox="0 0 24 24" xmlns="http://www.w3.org/2000/svg"><path d="M2 2H10.9474V13.1111H2V2Z"></path><path d="M2 15.3333H10.9474V17.5556H2V15.3333Z"></path><path d="M2 19.7778H10.9474V22H2V19.7778Z"></path><path d="M13.0526 2H22V13.1111H13.0526V2Z"></path><path d="M13.0526 15.3333H22V17.5556H13.0526V15.3333Z"></path><path d="M13.0526 19.7778H22V22H13.0526V19.7778Z"></path></svg><svg id="svg-view_grid" viewBox="0 0 24 24"><path d="M8.7 12.801a2.502 2.502 0 012.495 2.337l.005.165v4.196a2.501 2.501 0 01-2.336 2.495L8.699 22H4.501a2.502 2.502 0 01-2.496-2.337L2 19.5v-4.2a2.501 2.501 0 012.501-2.5h4.198zm10.787 0a2.502 2.502 0 012.495 2.337l.006.165v4.196a2.502 2.502 0 01-2.337 2.495l-.164.006h-4.199a2.502 2.502 0 01-2.495-2.337l-.006-.164V15.3a2.501 2.501 0 012.501-2.5h4.199zM8.71 2.001a2.502 2.502 0 012.496 2.336l.005.165v4.196a2.501 2.501 0 01-2.336 2.496l-.165.005H4.514a2.501 2.501 0 01-2.496-2.336l-.005-.165V4.501A2.5 2.5 0 014.514 2h4.197zM19.5 2a2.502 2.502 0 012.496 2.336l.005.165v4.196a2.502 2.502 0 01-2.337 2.496l-.164.005h-4.197a2.502 2.502 0 01-2.497-2.336l-.005-.165V4.501A2.502 2.502 0 0115.302 2h4.197z"></path></svg><svg id="svg-view_list" viewBox="0 0 24 24"><path d="M4.497 12.816h4.191a2.497 2.497 0 012.497 2.498v4.19A2.497 2.497 0 018.688 22H4.497A2.497 2.497 0 012 19.503v-4.19a2.497 2.497 0 012.497-2.497zm0 1.664a.832.832 0 00-.832.833v4.19c0 .46.372.832.832.832h4.191c.46 0 .833-.372.833-.832v-4.189a.832.832 0 00-.833-.832l-4.191-.002zm14.797 3.327a.21.21 0 01.21.21v1.247a.21.21 0 01-.21.21h-6.268a.21.21 0 01-.21-.21v-1.247a.21.21 0 01.21-.21h6.268zm2.496-3.327a.21.21 0 01.21.209v1.247a.21.21 0 01-.21.21h-8.764a.21.21 0 01-.21-.21v-1.247a.21.21 0 01.21-.21h8.764zM4.51 2H8.7a2.497 2.497 0 012.497 2.498v4.19A2.497 2.497 0 018.7 11.183H4.51a2.497 2.497 0 01-2.497-2.497v-4.19A2.497 2.497 0 014.51 2zm0 1.665a.833.833 0 00-.832.832v4.19c0 .46.372.833.832.833H8.7c.46 0 .833-.373.833-.833v-4.19a.833.833 0 00-.833-.832H4.51zm14.784 3.327a.21.21 0 01.21.209v1.247a.21.21 0 01-.21.21h-6.268a.21.21 0 01-.21-.21V7.201a.21.21 0 01.21-.21h6.268zm2.496-3.328a.21.21 0 01.21.209V5.12a.21.21 0 01-.21.21h-8.764a.21.21 0 01-.21-.21V3.873a.21.21 0 01.21-.21h8.764z"></path></svg><svg id="svg-youtube" xmlns:xlink="http://www.w3.org/1999/xlink" viewBox="0 0 37 32"><defs><path id="i_youtube__a" d="M36.222 7.135c.778 2.941.778 9.08.778 9.08s0 6.138-.757 9.079c-.441 1.64-1.682 2.92-3.28 3.346-2.9.789-14.463.789-14.463.789s-11.563 0-14.443-.789a4.716 4.716 0 01-3.28-3.346C0 22.353 0 16.214 0 16.214s0-6.138.757-9.08c.441-1.64 1.682-2.92 3.28-3.345C6.936 3 18.5 3 18.5 3s11.563 0 14.443.789a4.716 4.716 0 013.28 3.346zM14.716 21.798l9.67-5.584-9.67-5.584v11.168z"></path></defs><g fill="none" fill-rule="evenodd"><path d="M0 0h37v32H0z"></path><mask id="i_youtube__b" fill="#fff"><use xlink:href="#i_youtube__a"></use></mask><use fill="#000" xlink:href="#i_youtube__a"></use><g fill="#CF2E05" mask="url(#i_youtube__b)"><path d="M0 .143h37v32H0z"></path></g></g></svg><svg id="svg-favourite_add" viewBox="0 0 24 24"><path d="M12 18.106c-6.392-2.096-7.733-6.014-8.025-7.674-.074-.451-.07-.729-.07-.754 0-2.015 1.463-3.64 3.403-3.78.077-.006.152-.009.227-.009.963 0 1.984.638 2.602 1.443.62.805.781 1.079 1.161 1.747a.805.805 0 00.702.405.804.804 0 00.702-.405c.38-.668.543-.942 1.16-1.747.62-.805 1.639-1.443 2.604-1.443.074 0 .15.003.226.009 1.94.14 3.403 1.765 3.403 3.78 0 .025.004.303-.07.754-.292 1.66-1.633 5.578-8.025 7.674zm4.83-14.092A4.727 4.727 0 0016.467 4C15.243 4 13.5 4.47 12 6.646 10.499 4.47 8.758 4 7.535 4c-.12 0-.243.005-.366.014C4.222 4.228 2 6.663 2 9.652c-.002.044-.01.452.11 1.175.338 1.928 1.926 6.672 9.329 9.085a1.817 1.817 0 001.12 0c7.403-2.413 8.99-7.157 9.33-9.085.119-.723.111-1.13.11-1.175 0-2.99-2.222-5.424-5.17-5.638z"></path></svg><svg id="svg-favourite_outline" viewBox="0 0 24 24"><path d="M12 18.106c-6.392-2.096-7.733-6.014-8.025-7.674-.074-.451-.07-.729-.07-.754 0-2.015 1.463-3.64 3.403-3.78.077-.006.152-.009.227-.009.963 0 1.984.638 2.602 1.443.62.805.781 1.079 1.161 1.747a.805.805 0 00.702.405.804.804 0 00.702-.405c.38-.668.543-.942 1.16-1.747.62-.805 1.639-1.443 2.604-1.443.074 0 .15.003.226.009 1.94.14 3.403 1.765 3.403 3.78 0 .025.004.303-.07.754-.292 1.66-1.633 5.578-8.025 7.674zm4.83-14.092A4.727 4.727 0 0016.467 4C15.243 4 13.5 4.47 12 6.646 10.499 4.47 8.758 4 7.535 4c-.12 0-.243.005-.366.014C4.222 4.228 2 6.663 2 9.652c-.002.044-.01.452.11 1.175.338 1.928 1.926 6.672 9.329 9.085a1.817 1.817 0 001.12 0c7.403-2.413 8.99-7.157 9.33-9.085.119-.723.111-1.13.11-1.175 0-2.99-2.222-5.424-5.17-5.638z"></path></svg><svg id="svg-favourite" viewBox="0 0 24 24"><path d="M16.83 4.014A4.788 4.788 0 0016.465 4C15.242 4 13.5 4.47 12 6.646 10.498 4.47 8.757 4 7.535 4c-.121 0-.243.005-.366.014C4.222 4.228 2 6.663 2 9.652c0 .044-.009.452.111 1.175.339 1.928 1.927 6.672 9.328 9.085a1.833 1.833 0 001.121 0c7.402-2.413 8.99-7.157 9.326-9.072l.017-.104c.104-.632.097-1.038.097-1.058 0-3.015-2.223-5.45-5.17-5.664z"></path></svg><svg id="svg-mhra" fill-rule="evenodd" clip-rule="evenodd" image-rendering="optimizeQuality" shape-rendering="geometricPrecision" text-rendering="geometricPrecision" viewBox="0 0 4667 3889"><g fill-rule="nonzero"><path fill="#fefefe" d="M17 3872h4632V17H17z"></path><path fill="#289654" d="M0 3889h4667V0H0v3889zM4618 49v3792H49V49h4569z"></path><path fill="#adadb2" d="M244 448h4181V245H244z"></path><path fill="#289654" d="M244 778h4181V448H244z"></path><path fill="#86c44c" d="M244 1055h4181V775H244z"></path><path fill="#38b87f" d="M244 1399h4181v-344H244z"></path><path fill="#fefefe" d="M244 185v60h1329v344h-344v466h344v344H244v60h4181v-60H2038v-344h344V589h-344V245h2387v-60z"></path><path fill="#289654" d="M1371 2021l-92-161-55 66v95h-49v-327h49v164l134-164h60l-106 128 117 199zm155 0c-44 0-64-30-64-64v-262h47v259c0 18 6 27 25 27h21v40h-29zm73 0v-232h47v232h-47zm-1-278v-50h50v50h-50zm206 280c-52 0-104-32-104-119s51-119 104-119c32 0 55 9 77 33l-32 31c-15-16-26-22-44-22s-33 7-43 21c-10 13-14 29-14 56s4 44 14 57 25 21 43 21 30-6 44-22l32 31c-22 23-44 33-77 33zm270-2l-66-108-34 39v69h-47v-327h47v201l90-107h57l-80 91 90 142zm221-103h-55c-28 0-42 12-42 33s13 33 43 33c18 0 31-1 44-13 7-7 10-18 10-34v-19zm1 103v-21c-17 17-33 24-62 24s-48-7-62-21c-12-12-18-30-18-50 0-39 27-67 80-67h61v-17c0-29-15-44-51-44-26 0-38 6-51 22l-31-29c22-26 45-33 83-33 64 0 96 27 96 80v155h-46zm354 0v-143c0-35-21-51-47-51s-47 16-47 51v143h-47v-326h47v117c16-17 37-26 60-26 52 0 81 35 81 85v150h-47zm221-277v-50h42v50h-42zm15 174h-55c-28 0-42 12-42 33s13 33 43 33c18 0 31-1 44-13 7-7 10-18 10-34v-19zm-114-174v-50h42v50h-42zm115 277v-21c-17 17-33 24-62 24s-48-7-62-21c-12-12-18-30-18-50 0-39 27-67 80-67h61v-17c0-29-15-44-51-44-26 0-38 6-51 22l-31-29c22-26 45-33 83-33 64 0 96 27 96 80v155h-46zm238-178c-11-11-19-16-35-16-25 0-46 20-46 52v141h-47v-232h46v25c12-17 36-28 62-28 22 0 39 6 55 22l-35 35zm222-15v193h-47v-193h-27v-36h27v-36c0-33 20-65 64-65h29v40h-21c-17 0-26 10-26 27v33h46v36h-46zm196-84v-50h42v50h-42zm6 97c-9-9-21-13-34-13-14 0-25 5-34 13-14 14-16 39-16 64s2 50 16 64c9 9 20 14 34 14s26-5 34-14c14-14 16-39 16-64s-2-50-16-64zm-105-97v-50h42v50h-42zm140 252c-15 16-38 28-70 28s-54-12-69-28c-22-23-28-52-28-92 0-39 6-68 28-91 15-16 38-28 69-28 32 0 55 12 70 28 22 23 28 52 28 91s-6 69-28 92zm211-153c-11-11-19-16-35-16-25 0-46 20-46 52v141h-47v-232h46v25c12-17 36-28 62-28 22 0 39 6 55 22l-35 35zm-2502 577h-55c-28 0-42 12-42 33s13 33 43 33c18 0 31-1 44-13 7-7 10-18 10-34v-19zm1 103v-21c-17 17-33 24-62 24s-48-7-62-21c-12-12-18-30-18-50 0-39 27-67 80-67h61v-17c0-29-15-44-51-44-26 0-38 6-51 22l-31-29c22-26 45-33 83-33 64 0 96 27 96 80v155h-46zm180-1c-44 0-64-31-64-65v-128h-27v-36h27v-71h47v71h45v36h-45v126c0 17 8 27 26 27h19v40h-28zm149 0c-44 0-64-31-64-65v-128h-27v-36h27v-71h47v71h45v36h-45v126c0 17 8 27 26 27h19v40h-28zm330 0l-66-107-34 39v68h-47v-326h47v201l90-107h57l-80 91 90 141zm214-180c-9-9-21-13-34-13-14 0-25 5-34 13-14 14-16 39-16 64s2 50 16 64c9 9 20 14 34 14s26-5 34-14c14-14 16-38 16-64 0-25-2-50-16-64zm35 155c-15 16-38 28-70 28s-54-12-69-28c-22-23-28-52-28-92 0-39 6-68 28-91 15-16 38-28 69-28 32 0 55 12 70 28 22 23 28 52 28 91s-6 69-28 92zm225 25v-142c0-36-21-52-47-52s-48 16-48 52v142h-47v-232h46v23c16-17 39-26 62-26 24 0 44 8 57 21 18 17 23 39 23 66v149h-47zm181 0c-44 0-64-31-64-65v-128h-27v-36h27v-71h47v71h45v36h-45v126c0 17 8 27 26 27h19v40h-28zm208-177c-11-11-19-16-35-16-25 0-46 20-46 52v141h-47v-232h46v25c12-17 36-28 62-28 22 0 39 6 55 22l-35 35zm172-3c-9-9-21-13-34-13-14 0-25 5-34 13-14 14-16 39-16 64s2 50 16 64c9 9 20 14 34 14s26-5 34-14c14-14 16-38 16-64 0-25-2-50-16-64zm35 155c-15 16-38 28-70 28s-54-12-69-28c-22-23-28-52-28-92 0-39 6-68 28-91 15-16 38-28 69-28 32 0 55 12 70 28 22 23 27 52 27 91s-5 69-27 92zm146 25c-44 0-64-30-64-64v-262h47v259c0 18 6 27 25 27h21v40h-29zm135 0c-44 0-64-30-64-64v-262h47v259c0 18 6 27 25 27h21v40h-29zm194-166c-7-17-24-29-46-29s-39 12-46 29c-5 11-6 17-6 32h105c0-14-2-21-6-32zm-98 64c0 40 21 65 59 65 26 0 40-7 56-24l30 28c-24 24-46 36-87 36-58 0-105-31-105-119 0-75 39-119 99-119 62 0 99 46 99 112v21h-151zm333-75c-11-11-19-16-35-16-25 0-46 20-46 52v141h-47v-232h46v25c12-17 36-28 62-28 22 0 39 6 55 22l-35 35zm186 75h-55c-28 0-42 12-42 33s13 33 43 33c18 0 31-1 44-13 7-7 10-18 10-34v-19zm1 103v-21c-17 17-33 24-62 24s-48-7-62-21c-12-12-18-30-18-50 0-39 27-67 80-67h61v-17c0-29-15-44-51-44-26 0-38 6-51 22l-31-29c22-26 45-33 83-33 64 0 96 27 96 80v155h-46zm-2631 321c-9-9-21-13-34-13-14 0-25 5-34 13-14 14-16 39-16 64s2 50 16 64c9 9 20 14 34 14s26-5 34-14c14-14 16-38 16-64 0-25-2-50-16-64zm35 155c-15 16-38 28-70 28s-54-12-69-28c-22-23-28-52-28-92 0-39 6-68 28-91 15-16 38-28 69-28 32 0 55 12 70 28 22 23 27 52 27 91s-5 69-27 92zm367 25v-142c0-36-21-52-47-52-25 0-48 16-48 50v144h-47v-142c0-36-21-52-47-52s-48 16-48 52v142h-47v-232h46v23c16-17 39-26 62-26 29 0 51 11 66 34 19-23 42-34 73-34 24 0 45 8 59 21 18 17 25 39 25 66v149h-47zm442 0h-40l-55-162-54 162h-40l-72-232h49l45 163 54-163h37l53 163 45-163h50zm234-167c-7-17-24-29-46-29s-39 12-46 29c-5 11-6 17-6 32h105c0-14-2-21-6-32zm-98 64c0 40 21 65 59 65 26 0 40-7 56-24l30 28c-24 24-46 36-87 36-58 0-105-31-105-119 0-75 39-119 99-119 62 0 99 46 99 112v21h-151zm301-90c-42 0-49 36-49 77s6 77 49 77c42 0 48-36 48-77s-6-77-48-77zm69 176c-13 13-33 21-57 21-25 0-44-6-61-28v25h-46v-326h47v117c17-20 36-26 61-26 23 0 44 8 56 21 23 23 26 63 26 98s-3 75-26 99zm177-176c-42 0-49 36-49 77s6 77 49 77c42 0 48-36 48-77s-6-77-48-77zm69 176c-13 13-33 21-57 21-25 0-44-6-61-28v25h-46v-326h47v117c17-20 36-26 61-26 23 0 44 8 56 21 23 23 26 63 26 98s-3 75-26 99zm177-176c-42 0-49 36-49 77s6 77 49 77c42 0 48-36 48-77s-6-77-48-77zm69 176c-13 13-33 21-56 21-25 0-44-6-61-27v118h-47v-326h46v25c17-21 36-28 61-28 23 0 44 8 57 21 23 23 26 63 26 98s-3 75-26 99zm144 17c-44 0-64-30-64-64v-262h47v259c0 18 6 27 25 27h21v40h-29zm197-102h-55c-28 0-42 12-42 33s13 33 43 33c18 0 31-1 44-13 7-7 10-18 10-34v-19zm1 103v-21c-17 17-33 24-62 24s-48-7-62-21c-12-12-18-30-18-50 0-39 27-67 80-67h61v-17c0-29-15-44-51-44-26 0-38 6-51 22l-31-29c22-26 45-33 83-33 64 0 96 27 96 80v155h-46zm180-1c-44 0-64-31-64-65v-128h-27v-36h27v-71h47v71h45v36h-45v126c0 17 8 27 26 27h19v40h-28zm155 3c-38 0-70-6-98-33l31-31c19 19 44 24 67 24 28 0 51-10 51-32 0-16-9-26-31-28l-37-3c-44-4-69-23-69-64 0-45 39-71 88-71 35 0 65 7 86 26l-29 30c-15-12-35-17-57-17-28 0-42 12-42 30 0 14 7 24 32 27l37 3c44 4 69 24 69 66 0 49-41 74-97 74zm279-170c-7-17-24-29-46-29s-39 12-46 29c-5 11-6 17-6 32h105c0-14-2-21-6-32zm-98 64c0 40 21 65 59 65 26 0 40-7 56-24l30 28c-24 24-46 36-87 36-58 0-105-31-105-119 0-75 39-119 99-119 62 0 99 46 99 112v21h-151zm347 103v-142c0-36-21-52-47-52s-48 16-48 52v142h-47v-232h46v23c16-17 39-26 62-26 24 0 44 8 57 21 18 17 23 39 23 66v149h-47zm-3058 225v-50h42v50h-42zm15 174h-55c-28 0-42 12-42 33s13 33 43 33c18 0 31-1 44-13 7-7 10-18 10-34v-19zm-114-174v-50h42v50h-42zm115 277v-21c-17 17-33 24-62 24s-48-7-62-21c-12-12-18-30-18-50 0-39 27-67 80-67h61v-17c0-29-15-44-51-44-26 0-38 6-51 22l-31-29c22-26 45-33 83-33 64 0 96 27 96 80v155h-46zm238-178c-11-11-19-16-35-16-25 0-46 20-46 52v141h-47v-232h46v25c12-17 36-28 62-28 22 0 39 6 55 22l-35 35zm231 178c-44 0-64-30-64-64v-262h47v259c0 18 6 27 25 27h21v40h-29zm197-103h-55c-28 0-42 12-42 33s13 33 43 33c18 0 31-1 44-13 7-7 10-18 10-34v-19zm1 103v-21c-17 17-33 24-62 24s-48-7-62-21c-12-12-18-30-18-50 0-39 27-67 80-67h61v-17c0-29-15-44-51-44-26 0-38 6-51 22l-31-29c22-26 45-33 83-33 64 0 96 27 96 80v155h-46zm194-193c-42 0-48 36-48 73s6 73 48 73 47-36 47-73-5-73-47-73zm-6 290c-35 0-58-8-82-31l30-30c15 14 28 21 50 21 39 0 55-28 55-59v-30c-17 20-36 27-60 27-23 0-43-8-55-21-22-22-26-55-26-94s4-72 26-94c13-13 33-20 56-20 25 0 44 6 61 28v-25h45v231c0 57-38 98-99 98zm229-97c-44 0-64-30-64-64v-262h47v259c0 18 6 27 25 27h21v40h-29zm73 0v-232h47v232h-47zm-1-278v-50h50v50h-50zm198 85c-42 0-48 36-48 73s6 73 48 73 47-36 47-73-5-73-47-73zm-6 290c-35 0-58-8-82-31l30-30c15 14 28 21 50 21 39 0 55-28 55-59v-30c-17 20-36 27-60 27-23 0-43-8-55-21-22-22-26-55-26-94s4-72 26-94c13-13 33-20 56-20 25 0 44 6 61 28v-25h45v231c0 57-38 98-99 98z"></path><path fill="#c2c4c4" d="M243 2070h703v-463H243z"></path><path fill="#1c6090" d="M273 2040h643v-403H273z"></path><path fill="#fcce29" d="M475 1637l1 161H273v80h201v162h81v-163l361 1v-80H555v-161z"></path></g></svg><svg id="svg-view_image" viewBox="0 0 24 24"><path d="M8.7 12.801a2.502 2.502 0 012.495 2.337l.005.165v4.196a2.501 2.501 0 01-2.336 2.495L8.699 22H4.501a2.502 2.502 0 01-2.496-2.337L2 19.5v-4.2a2.501 2.501 0 012.501-2.5h4.198zm10.787 0a2.502 2.502 0 012.495 2.337l.006.165v4.196a2.502 2.502 0 01-2.337 2.495l-.164.006h-4.199a2.502 2.502 0 01-2.495-2.337l-.006-.164V15.3a2.501 2.501 0 012.501-2.5h4.199zM8.71 2.001a2.502 2.502 0 012.496 2.336l.005.165v4.196a2.501 2.501 0 01-2.336 2.496l-.165.005H4.514a2.501 2.501 0 01-2.496-2.336l-.005-.165V4.501A2.5 2.5 0 014.514 2h4.197zM19.5 2a2.502 2.502 0 012.496 2.336l.005.165v4.196a2.502 2.502 0 01-2.337 2.496l-.164.005h-4.197a2.502 2.502 0 01-2.497-2.336l-.005-.165V4.501A2.502 2.502 0 0115.302 2h4.197z"></path></svg><svg id="svg-acid" fill-rule="evenodd" stroke-linejoin="round" stroke-miterlimit="2" clip-rule="evenodd" viewBox="0 0 111 111"><path fill="none" d="M0 0h110.026v110.026H0z"></path><path fill="#fff" fill-rule="nonzero" d="M4.147 55.578l50.915 50.915 50.915-50.915L55.062 4.663 4.147 55.578z"></path><path fill="red" fill-rule="nonzero" d="M27.672 28.188L.451 55.41l54.443 54.443 54.78-54.78-27.222-27.22C67.497 12.896 55.23.63 55.062.63c0 .337-12.434 12.603-27.39 27.558zm50.243 4.37l23.02 23.02-23.02 22.853-23.02 23.02L9.02 55.579 55.062 9.536s10.25 10.419 22.853 23.021z"></path><path fill="#010101" fill-rule="nonzero" d="M58.423 33.733h-.336c-.672 0-1.176.337-1.68.673l-.673.672c-.84 1.176-.672 2.352.336 3.36.336.336.504.505.84.673.505.168.673.336 2.017.504.672.168 2.857.504 4.873.84 2.016.336 5.21.84 6.89 1.176 2.016.336 3.024.504 3.192.504.168 0 .336.168.504.336l.168.168s0 .168-.168.168c-.168.336-.336.672-.336 1.009v1.176c.168.672.336 1.008.84 1.176 0 0-.168.504-.168.84-.168.504-.168.84-.504 1.513-.336 1.008-.336 1.008-.336 1.512 0 .84.336 1.344.84 1.68.336.168.672.168 1.009 0 .504-.168.84-1.008.84-1.848 0-.336 0-.504-.336-1.512-.168-.337-.168-.673-.168-.84-.168-.505-.336-1.345-.336-1.345s.336-.168.336-.336c.168-.168.336-.504.336-.672 0-.336.168-.504.168-.84 0-.672 0-.84-.336-1.345-.168-.336-.336-.504-.336-.84v-.84c0-.336.504-3.193.672-5.041 0-.504.168-.84.168-.84-.168 0-.336.168-.504.504-.336.504-.673.672-1.009.672h-.336c-.168 0-.336 0-1.344-.168-4.2-.84-12.939-2.352-13.947-2.52-.504-.169-.84-.169-1.176-.169zm-7.562.505h-.672c-.672 0-8.738 1.512-13.107 2.352-1.008.168-1.008.168-1.344.168-.336 0-.504 0-.672-.168-.336-.168-.504-.336-.84-.672l-.336-.336c-.168-.168-.168-.168-.336-.168 0 0 .168.672.168 1.344.336 2.185.84 4.537.84 4.873v1.344c0 .168-.168.504-.336 1.009-.336.672-.336 1.008-.336 1.344 0 .336 0 .504.168.672.168.336.336.672.504.84v.336c0 .672-.168 1.177-.336 1.849 0 .168-.168.504-.336 1.008-.336 1.008-.336 1.008-.336 1.512v.504c.168.84.504 1.177.84 1.345h.504c.168 0 .504-.168.672-.337.336-.336.504-1.008.504-1.512 0-.168 0-.336-.168-1.008-.336-1.344-.504-1.848-.504-2.52 0-.337-.168-.84-.168-.84h.168c.504 0 .84-.337 1.008-.84.168-.337.168-.505.168-.841 0-.672-.168-1.008-.504-1.848-.168-.337-.168-.337-.168-.505 0-.168.168-.504.672-.504.168 0 .168 0 2.689-.504 1.176-.168 3.36-.504 4.873-.84 3.36-.672 5.04-.84 6.553-1.176.672-.168 1.176-.168 1.345-.168.84-.168 1.512-.672 2.016-1.345.504-.672.672-1.512.336-2.184-.336-.84-1.008-1.512-2.016-1.848-.84-.336-1.009-.336-1.513-.336zm8.066.672c.336 0 .336 0 1.008.168 1.513.168 6.554 1.176 12.77 2.184a18.84 18.84 0 012.521.504l-.336 1.849s-1.512-.168-3.36-.336c-7.058-.673-11.09-1.009-12.603-1.009-.672 0-.84 0-1.176-.168-1.008-.168-1.345-.672-1.345-1.512 0-.672.673-1.344 1.513-1.68h1.008zm-8.402.504h1.008c.673.168 1.177.336 1.345.84.168.168.168.336.168.672 0 1.008-.84 1.512-2.185 1.68-1.176 0-8.738.84-14.45 1.345h-.673l-.336-1.849s.672-.168 7.394-1.344c5.377-1.008 7.561-1.344 7.73-1.344zm32.431 6.721l-.168.168c0 .168-.336.336-.336.504-.504.504-.672.84-.84 1.177-.168.336-.168.672 0 1.176v.672c0 .168-.168.168-.336.168-.504.168-.84.504-1.009 1.008-.168.336-.168.336-.168.84 0 .336 0 .505-.168.673-.168.336-.504.672-.672.84h-.168l.168 1.176s.336-.168.504-.168a3.967 3.967 0 001.345-1.512c.168-.336.168-.336.168-.84v-.505l.336-.336c.504-.168.672-.336 1.008-.84.168-.168.168-.336.168-.672v-.84c-.168-.672 0-.672.504-1.345l.672-.672c-.168 0-1.008-.672-1.008-.672zm-4.2 1.008v.168c0 .337 0 .673.167 1.009.168.336.168.504.168.672 0 .168 0 .168-.336.336s-.672.504-.672 1.008v1.68c-.168.505-.168.505-.504.84l-.336.337.84.84.672-.672c.168-.168.336-.504.504-1.008.168-.505.168-.505.168-1.009v-1.008c0-.168 0-.168.336-.336s.504-.336.673-.672c.168-.336.168-.504.168-.84 0-.336 0-.336-.337-1.009v-.504h-.336c-.168 0-.504-.168-.504-.168-.504.336-.672.336-.672.336zm-11.427.168s-.168.168-.504.337c-.168.168-.504.336-.504.336l.336.336c.168.168.336.336.336.504.168.168.336.672.336 1.008v.672c0 .336.168.84.336 1.176.168.336.504.504.84.673.168 0 .168.168.336.168v.336c0 .504 0 .672.168 1.008.336.672.84 1.344 1.344 1.512.168 0 .336.168.336.168l.168-1.176h-.168c-.168-.168-.504-.504-.672-.84l-.168-.168v-.168c0-.336 0-.672-.168-1.009-.168-.168-.168-.336-.336-.504-.168-.168-.336-.168-.504-.336-.336-.168-.336-.168-.336-.336-.168-.168-.168-.336 0-.672v-.84c0-.504-.336-1.008-.672-1.512 0-.168-.504-.673-.504-.673zm3.528.673h-1.176v.168c0 .168 0 .336-.168.672s-.168.672-.168.84c0 .504.168.84.504 1.176l.336.336a.52.52 0 00.336.168s.168.168.168.336v.336c-.168.337-.168.673 0 1.177s.337.84.84 1.344l.337.336.672-.672-.336-.336c-.336-.336-.504-.504-.504-.672 0-.168-.168-.504-.168-.504v-.168c0-.168.168-.505 0-.673 0-.336-.168-.672-.336-1.008a2.32 2.32 0 00-.673-.504c-.168-.168-.336-.168-.336-.168v-.336s0-.168.168-.336c.168-.504.168-.672.168-1.008l.336-.504zM41.115 47.68l-.84.84c-.336.505-.504.84-.672 1.177v1.68c0 .336 0 .336-.504.504-.84.336-1.008.672-1.176 1.68 0 .505 0 .505-.168.673 0 .168-.169.336-.169.336v-1.85c0-.168.169-.168.505-.504l.672-.672c.168-.168.168-.336.168-.504 0-.168 0-.336-.168-.84s-.168-.672-.168-.84v-.168c-.168 0-1.177-.168-1.177-.168v.168c0 .336 0 .672.168 1.344 0 .168 0 .336.169.504v.168l-.337.336c-.504.336-.672.672-.84.84 0 .168-.168.336-.168.504v1.177c0 .168-.168.504-.336.504l-.504.504c-.168 0-.168.168-.168.168 0 .168.672 1.008.672 1.008s.168 0 .168-.168l.672-.672v.672h.168c.336 0 .504 0 .673-.168.336-.168.672-.672 1.008-1.176.168-.336.168-.504.168-1.008 0-.336 0-.504.168-.504 0 0 .168 0 .168-.169.672-.336 1.008-.504 1.176-.84.168-.336.168-.672.168-1.344v-.84c.168-.336.504-.84 1.008-1.176l.168-.168-.336-.505a2.08 2.08 0 00-.336-.504zm-13.107.336s-.168.168-.504.337c-.504.336-.504.336-.504.504l.336.336c.504.672.672.84.84 1.008v1.344c0 .336.169.84.337 1.176.168.168.336.336.672.505.336.168.336.168.504.336v.504c0 .504 0 .504.168.84.168.336.504.672.84 1.008.168.168.504.504.672.504h.168l.168.168c.168.336.504.672.504.672s.168-.168.504-.336l.337-.336c-.337-.504-.673-.84-.84-1.176v-1.848c-.169-.336-.337-.673-.84-1.009-.169-.168-.337-.168-.337-.336v-.168c0-.168 0-.168.168-.336.168-.504.168-.84.168-1.176v-.336h-1.344v.168c0 .336 0 .504-.168.84-.168.504-.168.504-.168.84v.336l-.168-.168c-.168-.168-.336-.168-.336-.336v-.504c.168-.504.168-1.008 0-1.344-.168-.336-.336-.672-.84-1.176l-.337-.336v-.505zm42.85 4.033s0 .168 0 0c-.673.336-1.009.336-2.017.504-.84 0-1.008 0-1.344.168-.336.168-.504.336-.504.673v.504c0 .168.168.336.168.504h-2.185c-.84.168-1.344.504-1.512 1.008 0 .168-.168.336-.168.504v.504H62.12a2.613 2.613 0 00-1.345 1.008c-.168.168-.168.336-.168.673 0 .672.336 1.344 1.009 1.68.336.168.504.168 1.008.168h.336v.84c.168.504.504.672.84 1.008.336.168.84.336 1.176.336h.168v.168c-.168.337 0 .84.336 1.177.336.336 1.009.672 1.68.672.673 0 2.69.168 5.042.168h2.352c1.513 0 3.025-.168 3.697-.504.504-.168.672-.168 1.512-.672.336-.168.673-.336 1.009-.336.672-.168 1.176-.337 2.016-.337h.336V61.46h-.336c-.84 0-1.512.168-2.184.336-.505.168-.673.168-1.345.504-.672.337-1.008.505-1.512.505-.84.168-2.52.336-3.865.336-.84 0-5.04-.168-6.385-.168-.672 0-.84-.168-1.176-.336-.169 0-.169-.169-.169-.169l.337-.336c.336-.168.168-.168 3.024-.168h2.52l-1.007-1.008H68c-3.36 0-3.193 0-3.36-.168-.337-.168-.505-.336-.505-.504 0 0 .336-.168.504-.168h5.545V58.94h-7.897c-.336-.168-.504-.504-.504-.504 0-.168.168-.336.336-.336.168-.168 0-.168 4.2-.168h3.865v-1.009h-5.04c-.337 0-.505-.168-.505-.336s0-.168.168-.336c.168 0 .168-.168.336-.168h7.394v.336c0 1.513 1.176 2.689 3.193 3.193.336.168 1.176.168 1.176.168l.168-1.176h-.336c-1.177-.168-2.017-.504-2.52-1.009-.169-.168-.337-.336-.337-.504-.168-.168-.168-.336-.168-.672v-.168h.168c.168 0 3.529-.84 3.529-.84s-.504-.168-1.008-.168c-.504-.168-1.009-.168-1.009-.168v-.336h.168c.169 0 .673-.168.84-.336l.169-.168h.168l.336.168c.336.168.84.504 1.68 1.008s1.008.672 1.176.672c.673.168 2.52.336 3.697.336h.336V55.41h-.672c-1.176 0-2.52-.168-2.856-.336-.169 0-.169 0-1.009-.504-1.344-.84-2.016-1.176-2.52-1.344h-.168l-.168.168c-.336.168-.504.336-.84.504-.505.168-1.009.336-1.513.336s-.84 0-1.344-.168c-.672-.168-1.176-.336-1.68-.84-.168-1.009-.337-1.177-.337-1.177zm-39.825 1.177l.336.336v.84l-.168-.168v-.336c-.168-.168-.168-.504-.168-.672-.168.168-.168 0 0 0zm39.656.336s.168 0 .168.168c.673.336 1.345.672 2.017.84h-3.36c-.505 0-.841-.168-1.009-.504-.168-.168-.168-.168 0-.168h.504c.672 0 1.176 0 1.512-.168 0-.168.168-.168.168-.168zm-51.418 2.856v5.713h30.246v-5.713h-11.09l-.168.168c-.673.672-1.68 1.176-3.025 1.345H33.89c-.336 0-.672-.169-1.008-.169-.337 0-.673-.336-.84-.336-.337-.168-.505-.504-.673-.84v-.168H19.271z"></path></svg><svg id="svg-age-15" fill-rule="evenodd" stroke-linejoin="round" stroke-miterlimit="2" clip-rule="evenodd" viewBox="0 0 111 111"><path fill="none" d="M0 0h110.026v110.026H0z"></path><ellipse cx="15" cy="14.6" fill="#ffe633" rx="13.4" ry="13.1" transform="translate(.474 2.138) scale(3.63454)"></ellipse><path fill="#d7264e" fill-rule="nonzero" d="M48.45 2.138L37.183 5.045C11.756 13.314-3.749 39.465 1.201 65.742c6.655 28.967 35.553 47.634 64.695 41.797 25.442-5.451 42.888-25.441 43.615-50.52 1.453-25.078-15.992-47.612-41.07-53.791-6.18-1.09-13.812-1.09-19.99-.727v-.363zm12.721 11.63c6.179 1.09 12.358 3.635 17.81 6.906 3.634 2.544 9.086 7.632 11.63 11.267 2.908 4.725 5.088 9.813 6.179 14.901.363 1.818.727 3.635.727 7.996 0 5.089 0 6.18-.727 8.723a36.337 36.337 0 01-3.635 10.177c-7.607 14.077-22.37 22.88-38.37 22.88-19.953 0-37.486-13.695-42.317-33.057-.727-3.634-.727-12.357 0-15.992 4.55-22.188 25.936-37.141 48.34-33.8h.363z"></path><path fill="#010101" fill-rule="nonzero" d="M29.187 76.646l-.727-.364v-7.996c0-.363 0-.727.727-.727h4.725V42.844H27.37v-.726l4.361-8.36c0-.363 0-.727.727-.727h12.358c.363 0 .727 0 .727.727V67.56h4.725l.363.727v7.633l-.363.727h-21.08zm36.71.727a21.814 21.814 0 01-13.085-3.635v-1.09l3.634-8.36c.364 0 .727-.363 1.454 0 2.18 1.818 4.725 2.544 7.27 2.544 1.817 0 2.907-.363 3.997-1.09 1.09-.727 1.454-1.817 1.454-3.271s-.363-2.544-1.817-3.635l-6.179-.726h-6.542s-.727 0-.727-.727V33.758l.727-.727h23.624c.727 0 .727 0 .727.727v8.36c0 .726 0 .726-.727.726h-13.81v5.452h.363c3.634 0 6.178.727 8.722 1.818 2.545 1.09 4.362 2.907 5.816 4.724 1.454 1.818 1.817 4.725 1.817 7.633 0 2.908-.727 5.452-2.18 7.633a14.53 14.53 0 01-5.816 5.451c-2.544 1.09-5.452 1.818-8.723 1.818z"></path></svg><svg id="svg-age-18" fill-rule="evenodd" stroke-linejoin="round" stroke-miterlimit="2" clip-rule="evenodd" viewBox="0 0 111 111"><path fill="none" d="M0 0h110.026v110.026H0z"></path><g transform="translate(.617 1.328) scale(3.63935)"><ellipse cx="15" cy="14.6" fill="#ffe633" rx="13.4" ry="13.1"></ellipse><path fill="#d7264e" fill-rule="nonzero" d="M13.2 0l-3.1.8C3.104 3.075-1.162 10.27.2 17.5 2.031 25.47 9.982 30.606 18 29c7-1.5 11.8-7 12-13.9C30.4 8.2 25.6 2 18.7.3 17 0 14.9 0 13.2.1V0zm3.5 3.2c1.7.3 3.4 1 4.9 1.9 1 .7 2.5 2.1 3.2 3.1.8 1.3 1.4 2.7 1.7 4.1.1.5.2 1 .2 2.2 0 1.4 0 1.7-.2 2.4a9.998 9.998 0 01-1 2.8 12.014 12.014 0 01-10.557 6.295c-5.49 0-10.314-3.768-11.643-9.095-.2-1-.2-3.4 0-4.4 1.252-6.105 7.136-10.219 13.3-9.3h.1z"></path><path fill="#010101" fill-rule="nonzero" d="M8 20.2s0 .2.2.2h5c.2 0 .3-.1.3-.2V18l-.2-.2h-1.1V8.7c0-.1 0-.2-.2-.2H9c-.1 0-.2 0-.2.2l-1 2.3.1.2h1.4v6.7h-1c-.2 0-.3 0-.3.2v2.1zm7.2-6.2c-.8.6-1.4 1.5-1.4 2.8 0 2.2 1.9 3.7 4.1 3.7 2.3 0 4.2-1.5 4.2-3.7 0-1.3-.6-2.2-1.5-2.8.6-.6 1-1.4 1-2.3 0-2-1.7-3.3-3.7-3.3s-3.6 1.4-3.6 3.3a3.004 3.004 0 001 2.3h-.1zm2.7 3.8c-.7 0-1.2-.6-1.2-1.3 0-.6.5-1.2 1.2-1.2s1.2.6 1.2 1.2c0 .7-.5 1.3-1.2 1.3zm0-4.8c-.549 0-1-.451-1-1 0-.6.4-1 1-1s1 .4 1 1-.4 1-1 1z"></path></g></svg><svg id="svg-asthma_allergy" fill="none" viewBox="0 0 453 452"><path fill="#0060A7" d="M453 216.531c-3.785 2.517-7.377 5.68-11.397 6.38-8.057 1.403-16.343 1.788-24.547 1.949-4.941.097-10.099-4.957-10.926-10.032-.921-5.653-1.529-11.373-1.879-17.088-.052-.843 1.963-2.413 3.2-2.629 4.516-.788 9.096-1.277 13.671-1.637 10.326-.812 20.664-1.479 31.437-2.339.441 8.219.441 16.573.441 25.396zm-10.971-12.313c-1.469-.406-2.974-1.257-4.401-1.142-7.152.577-14.284 1.407-21.346 2.141-.291 6.746 1.482 8.891 7.314 8.735 4.429-.118 8.886-.416 13.259-1.094 4.759-.738 6.244-3.15 5.174-8.64zM249.531 0c2.164.982 3.859 1.965 6.163 3.3v8.553h-17.399v7.003l13.355 1.679v9.287h-14.317l-.638 7.926 16.964 1.667c.113 1.28.307 2.556.326 3.834.1 6.69.106 6.431-6.739 5.86-7.204-.602-14.456-.64-22.331-.95.497-9.717.962-18.745 1.417-27.774.233-4.623.355-9.253.712-13.866.148-1.916.778-3.795 1.072-6.105C235.021 0 242.042 0 249.531 0zM0 225.463c1.304-2.035 2.931-3.44 3.844-5.214 1.884-3.66 4.43-2.357 6.62-.929 2.299 1.499 4.911 3.33 2.826 6.841-.672 1.131-2.115 2.428-1.898 3.337.508 2.128 1.808 4.067 2.787 6.083 1.527-1.035 3.774-1.737 4.44-3.172 1.758-3.794 2.689-7.964 4.263-11.857.486-1.202 1.815-2.411 3.045-2.906 6.178-2.485 12.683-3.351 18.448.462 5.628 3.722 7.325 11.495 5.092 18.893a29.624 29.624 0 01-2.016 5.013c-1.368 2.649-2.884 5.546-6.636 3.88-4.407-1.958-5.31-5.249-3.067-9.398.774-1.431 1.918-3.212 1.615-4.542-.43-1.891-2.04-3.514-3.147-5.251-1.407.976-3.48 1.654-4.08 2.992-1.184 2.639-1.383 5.699-2.291 8.486-1.918 5.882-6.47 8.513-12.3 8.74-5.904.23-11.519-.748-14.858-6.608-.554-.973-1.345-1.812-2.357-2.513C0 233.975 0 229.951 0 225.463zM234.428 452c-2.893-8.269-5.328-16.548-7.838-24.803-1.146-3.767-2.153-7.617-3.751-11.193-1.544-3.453-.054-4.441 3.866-5.148l9.197 27.92.783-.091 4.448-28.09c3.516-1.404 4.993-.149 5.951 3.051 2.371 7.92 5.051 15.747 8.476 23.52 1.147-7.647 2.279-15.296 3.455-22.938.223-1.445.357-3.007 1.03-4.244.472-.868 2.019-1.951 2.674-1.728.924.314 2.19 1.856 2.065 2.686-1.819 12.155-3.72 24.301-5.997 36.376-.256 1.36-2.909 2.268-4.891 3.705l-9.576-28.34c-1.709 10.504-3.172 19.503-4.478 28.909-1.556.408-3.271.408-5.414.408zM453 243.542c-15.488-.08-30.976-.618-46.615-1.161-.191-1.657-.333-2.447-.365-3.242-.347-8.654.102-8.991 8.852-7.311 1.449.278 2.981.116 4.474.173 10.916.416 21.831.835 33.2 1.126.454 3.234.454 6.596.454 10.415zm-169.297 21.672c6.981 6.675 13.223 13.467 16.187 22.554.69 2.116.931 4.378.333 7.407-3.567-2.385-7.126-4.781-10.702-7.151-16.484-10.928-34.255-18.679-53.842-22.093-5.797-1.01-10.428-3.612-13.507-9.254-6.483-11.882-15.165-13.03-26.741-10.436-3.976.891-8.092 1.143-12.131 1.772-4.274.666-8.533 1.434-12.261 2.067.623-4.248.88-9.127 2.194-13.703.693-2.411 3.028-4.512 5.003-6.34 1.402-1.297 3.433-1.923 5.2-2.814 7.888-3.977 9.05-8.573 3.668-15.512-1.778-2.291-4.405-3.962-5.993-6.35-1.463-2.201-2.667-4.921-2.926-7.518-1.566-15.707-6.151-30.51-12.606-44.823-.485-1.075-.347-2.432-.499-3.658l1.315-1.211c4.959 3.542 10.286 6.677 14.772 10.742 4.238 3.842 7.449 8.794 11.389 12.998 2.423 2.586 5.306 4.762 8.09 6.988 7.023 5.616 13.304 11.839 17.347 20.041 2.88 5.843 9.031 8.607 15.438 7.124 11.906-2.756 21.251-9.964 30.465-17.424 2.212-1.791 4.524-3.459 6.79-5.183l1.376.909-2.776 16.324 16.115 9.272-.602 2.058c-2.363 0-4.772-.3-7.08.054-7.921 1.216-15.864 2.409-23.674 4.162-2.551.573-5.045 2.498-7.005 4.386-5.071 4.883-4.169 12.105 2.052 15.348 12.489 6.514 23.463 14.664 31.257 26.652.667 1.026 2.046 1.589 3.354 2.612zm-50.766-52.771c-2.989-2.619-6.159-3.496-9.794-1.295 1.879 10.451 11.391 7.378 17.646 10.282-.542-1.859-1.622-3.165-2.827-4.343-1.45-1.417-3.006-2.724-5.025-4.644zm-24.601 29.2c-1.436-1.513-3.346-4.548-4.225-4.274-3.618 1.126-6.923 3.258-9.409 4.54 3.74 0 8.352 0 13.634-.266zM97 228.998c3.014 13.359 6.239 26.244 8.893 39.246 1.347 6.604 4.232 11.435 10.4 14.491 26.754 13.261 53.415 26.71 80.155 39.999 6.752 3.356 13.671 6.374 21.469 9.991-6.906 3.371-13.139 5.833-18.753 9.298-7.51 4.637-13.912 2.343-20.864-1.234-18.481-9.511-37.16-18.637-55.75-27.938-5.728-2.865-11.533-5.603-17.113-8.736-18.825-10.569-26.026-27.689-27.527-48.328-1.213-16.684 4.496-31.06 13.139-44.704.227-.359.637-.602 1.42-1.32 1.57 6.556 3.038 12.682 4.53 19.235z"></path><path fill="#0060A7" d="M102.074 213.77c-2.133-10.363-3.964-20.364-6.364-30.227-4.159-17.09.34-32.175 10.283-45.946 12.172-16.857 29.204-24.963 49.622-26.622 1.27-.104 2.519-.454 5.05-.927-3.508 4.56-6.358 8.352-9.3 12.072-10.299 13.023-20.755 25.924-30.893 39.071-4.695 6.089-2.358 13.104-.995 19.591 6.028 28.685 12.35 57.309 18.606 85.947 1.354 6.197 2.876 12.356 4.691 20.121-7.944-4.004-14.293-7.653-20.997-10.453-6.423-2.682-7.616-7.914-8.851-13.784-3.405-16.181-7.179-32.285-10.852-48.843zm125.271 123.518c24.156-11.607 47.987-23.017 72.645-34.823-2.346 9.901-4.291 18.796-6.675 27.573-.454 1.671-2.39 3.384-4.069 4.21-23.948 11.781-47.932 23.489-72 35.021-5.456 2.614-11.111 5.097-16.944 6.576-10.642 2.697-21.4 1.758-31.614-2.097-21.854-8.248-34.604-24.872-41.548-46.552-.096-.3-.067-.67.001-.986.067-.31.26-.593.515-1.14 1.024.42 2.081.786 3.08 1.273 16.289 7.954 32.715 15.644 48.788 24.014 7.271 3.786 13.616 4.024 20.833.063 8.649-4.747 17.754-8.661 26.988-13.132zm117.656-110.285c-11.685-15.093-23.279-29.833-34.856-44.587-9.818-12.512-19.616-25.039-30.055-38.365 10.379 0 19.974-.459 29.467.315 2.442.199 4.816 4.083 6.8 6.605 16.665 21.191 33.114 42.551 49.869 63.67 10.646 13.418 13.363 28.3 10.95 45.022-3.275 22.697-16.763 37.572-35.152 49.192-.215.136-.639-.061-1.524-.173 1.562-7.702 3.019-15.385 4.691-23.022 2.837-12.961 5.811-25.892 8.723-38.836 1.695-7.532-3.314-12.332-7.194-17.584-.492-.666-1.079-1.262-1.719-2.237z"></path><path fill="#0060A7" d="M291.972 342.006c7.828-2.814 9.485-9.492 11.001-16.086 8.11-35.289 16.117-70.602 24.176-105.902.061-.266.359-.478 1.086-1.401 3.979 5.141 7.836 10.118 11.68 15.104.599.776 1.029 1.713 1.725 2.379 3.762 3.595 4.802 7.431 3.509 12.838-6.628 27.726-12.863 55.548-19.066 83.375-4.519 20.279-18.098 32.128-36.378 39.627-16.846 6.91-33.555 4.219-50.143-1.215-.556-.182-.959-.833-2.009-1.79 18.263-9.065 36.161-17.948 54.419-26.929zM289.999 111c9.368.669 18.363.63 27.071 2.192 9.994 1.793 17.447 8.38 24.413 15.579 7.759 8.018 13.833 17.121 15.654 28.008 1.8 10.761 1.772 21.827 2.546 32.759l-1.842.483c-3.192-3.808-6.466-7.551-9.561-11.436a6296.988 6296.988 0 01-29.669-37.5c-4.009-5.113-9.566-6.061-15.468-6.067-34.632-.036-69.263-.018-103.894-.018h-6.677c4.24-5.4 8.349-9.503 11.095-14.375 5.051-8.963 12.498-10.119 21.904-9.831 21.291.654 42.617.206 64.428.206z"></path><path fill="#0060A7" d="M136.745 153.755c15.478-19.465 30.525-38.818 45.989-57.833 10.005-12.303 23.358-18.038 39.225-19.026 21.777-1.355 39.146 7.101 53.821 22.401.778.811 1.448 1.726 2.862 3.429-2.544.117-4.248.262-5.951.264-18.497.016-36.998.22-55.49-.109-6.103-.108-10.499 2.047-14.144 6.572-8.572 10.64-17.338 21.132-25.625 31.989-1.968 2.579-3.619 2.531-6.236 2.233-4.625-.527-9.502-3.867-13.92.674.295 1.703.246 3.439.898 4.853 3.876 8.41 2.23 15.028-4.352 21.883-7.812 8.137-14.229 17.613-21.945 27.388-1.768-8.146-2.805-15.422-4.996-22.332-2.277-7.181.971-11.963 5.24-16.771 1.529-1.722 2.917-3.569 4.624-5.615zm-76.056-38.433c-4.41-5.118-8.622-10.425-13.297-15.287-3.077-3.198-4.072-5.896-1.12-9.727 7.316-9.5 3.468-9.175 13.75-2.65 9.558 6.066 18.695 12.797 28.265 18.846 2.94 1.859 3.206 3.532 1.49 5.91-1.781 2.468-2.944 6.625-7.472 3.66-5.059-3.313-10.124-6.616-16.038-9.242 2.977 3.62 5.922 7.268 8.946 10.848 1.07 1.267 2.311 2.394 3.514 3.544 2.453 2.345 2.024 4.612.516 7.445-1.786 3.356-4.475 2.638-6.846 1.934-6.27-1.86-12.416-4.137-18.617-6.233-.289-.098-.63-.042-2.134-.118 6.053 4.154 11.105 8.034 16.555 11.237 4.703 2.764 2.629 5.359.846 8.533-1.967 3.501-3.86 2.866-6.694.942-10.86-7.376-21.785-14.667-32.906-21.64-2.866-1.797-2.649-3.389-1.328-5.593 1.182-1.972 2.73-3.731 3.84-5.737 1.681-3.04 3.988-3.542 7.098-2.498 6.675 2.242 13.394 4.353 20.608 6.797.932.325 1.351.37 1.77.414l-.746-1.385zm318.633-19.011c-4.788 3.746-9.644 7.41-14.33 11.278-1.91 1.577-3.731 2.188-4.8-.31-1.104-2.583-6.425-4.582-2.309-8.117 10.368-8.907 20.985-17.53 31.723-25.987 1.063-.837 4.364-.444 5.383.596 2.498 2.55 5.729 5.204 3.036 9.782-2.914 4.953-5.374 10.172-7.223 16.195l15.155-11.911c.945.808 1.851 1.484 2.64 2.275 4.478 4.493 4.615 5.817-.237 9.949-9.532 8.118-19.215 16.062-29.005 23.866-1.132.901-4.618 1.025-4.836.537-1.292-2.888-6.364-4.135-3.861-8.738 3.22-5.921 6.227-11.959 9.621-18.425.339-.898.384-1.317.428-1.736l-1.385.746zm38.279 59.39c7.719-2.382 15.069-4.585 22.893-6.93 2.697 7.597 6.263 14.783 5.319 22.855-.305 2.604-2.175 5.518-4.19 7.336-6.176 5.569-15.433 5.835-22.73 1.117l-13.599 11.96c-5.458-5.435-5.32-10.478.152-15.025 2.405-2 4.767-4.053 7.123-6.112.476-.416.835-.966 2.153-2.524-4.15 1.085-7.117 1.917-10.111 2.632-6.591 1.575-6.592 1.55-8.699-5.109-.239-.755-.578-1.479-1.319-3.35 7.734-2.279 15.187-4.475 23.008-6.85zm13.206 7.413l-7.887 2.955c2.682 2.331 4.51 4.763 6.906 5.638 1.158.422 4.278-1.737 4.903-3.35.796-2.056.517-5.083-3.922-5.243zM293.813 14.561c3.643 10.072.394 18.017-9.733 24.278.634 2.945 1.265 5.96 1.935 8.967.635 2.85 1.312 5.692 1.971 8.542-10.157 1.968-12.556-.27-13.993-12.578-.245-2.096-.756-4.161-2.165-6.418-.949 3.65-2.14 7.26-2.787 10.964-.835 4.78-4.24 3.945-7.214 3.454-2.881-.476-4.943-1.74-3.904-5.617 3.435-12.806 6.618-25.68 9.776-38.56.755-3.08 1.807-4.128 5.159-2.799 5.724 2.271 11.721 3.847 17.489 6.017 1.335.502 2.213 2.22 3.466 3.75zm-11.303 4.47l-5.694-2.353-2.606 11.181c3.388-.796 6.342-.75 8.121-2.174 1.136-.909.534-3.99.179-6.654zM49.719 146.318c3.437 1.268 6.542 2.317 9.643 3.377 5.135 1.755 5.887 3.417 3.643 8.233-.614 1.318-1.396 2.558-2.284 4.166-2.932-1.05-5.653-2.027-8.375-2.999-2.767-.989-5.536-1.973-8.741-3.115l-3.221 9.534 17.054 6.332c-.842 2.792-1.4 5.671-2.645 8.212-.43.88-2.809 1.618-3.89 1.243-12.38-4.282-24.617-8.985-37.04-13.135-4.245-1.418-4.06-3.314-3.137-6.976 1.077-4.28 3.427-4.924 6.849-3.843 4.001 1.264 7.884 2.903 12.12 4.493l3.779-9.183-16.98-6.409 3.243-10.591c10.327 3.639 19.988 7.044 29.982 10.661zM426.26 116.76c6.57 7.833 6.947 20.002.07 24.156-8.212 4.959-16.773 9.958-25.86 12.668-8.212 2.45-15.896-6.26-17.394-15.145-1.163-6.89 1.616-12.368 7.769-15.671 6.481-3.479 13.089-6.761 19.825-9.71 5.737-2.512 10.912-.822 15.59 3.702zm-13.272 7.327c-5.47 2.944-11.033 5.732-16.373 8.896-2.762 1.637-3.861 4.677-1.393 7.055 1.397 1.346 4.688 2.135 6.437 1.44 5.151-2.045 10.202-4.596 14.781-7.704 1.839-1.248 2.987-4.425 3.119-6.798.049-.875-3.729-1.963-6.571-2.889zm-89.037-87.943c-2.154-2.276-4.212-5.593-6.366-5.657-1.944-.058-4.525 3.131-5.882 5.442-2.482 4.228-4.449 8.792-6.278 13.358-1.13 2.824-.689 6.004 2.546 6.948 1.672.489 4.038-.844 5.844-1.814.389-.209.161-3.129-.539-3.554-4.925-2.988-.956-6.101-.13-8.906.933-3.167 3.341-1.656 5.296-.82 14.264 6.095 11.998 4.415 6.084 16.768-3.562 7.44-8.869 11.189-15.344 9.953-7.672-1.464-13.949-4.257-15.507-12.788-.502-2.746-.317-6.02.73-8.568 2.919-7.105 6.071-14.175 9.871-20.835 2.896-5.078 8.08-7.572 13.953-6.408 7.317 1.451 13.846 4.606 15.547 12.874.329 1.603-1.35 5.18-1.837 5.132-2.629-.257-5.863 3.996-7.988-1.125zM101.635 70.297l18.434 11.929 1.328 1.921c-2.294 1.602-4.448 3.495-6.937 4.688-1.32.632-3.839.722-4.75-.11-3.057-2.797-4.891-1.306-7.028 1.027-1.451 1.585-3.234 2.865-4.69 4.127 3.455 7.472 3.307 8.45-1.418 12.022-2.277 1.722-4.185 1.743-5.625-1.077-6.364-12.465-12.696-24.948-19.157-37.363-2.573-4.944 1.948-6.52 4.288-8.721 1.094-1.03 4.27-1.04 5.796-.212 6.625 3.595 12.99 7.67 19.759 11.769zm-9.843 13.042l6.239-2.389-10.308-6.644-.742.698c1.456 2.604 2.912 5.21 4.812 8.335zm40.378-58.666c10.661 11.478 21.07 22.69 31.499 33.924-7.541 6.347-8.895 6.349-15.59.256-1.42.913-2.97 1.993-4.6 2.936-1.552.899-3.186 1.655-4.72 2.441.954 8.273.768 8.525-8.882 11.709-1.27-5.721-2.62-11.381-3.771-17.081-1.815-8.988-3.615-17.983-5.128-27.024-.284-1.696.361-4.856 1.347-5.213 3.037-1.099 5.525-5.665 9.845-1.948zm2.922 17.97l-2.41-1.788 3.396 12.731 5.176-3.135c-2.121-2.737-3.897-5.027-6.162-7.809zM44.19 247.947c1.929-.44 3.477-.766 5.215-1.132.597 2.31 1.31 4.171 1.496 6.084.136 1.387-.04 3.847-.735 4.115-8.756 3.365-2.895 9.414-2.997 14.71l7.523.493c.441 2.084.62 4.378 1.424 6.427 1.65 4.207-.693 4.55-3.796 4.29-7.374-.618-14.737-1.379-22.117-1.906-6.591-.47-13.21-.576-19.79-1.157-1.216-.107-2.983-1.499-3.337-2.654-2.78-9.054-2.482-8.906 4.713-12.595 10.693-5.483 21.348-11.037 32.401-16.675zM28.072 271h8.183l-1.014-5.801c-2.45.892-4.33 1.457-6.105 2.255-1.686.758-3.264 1.759-6.084 3.31 2.382.132 3.31.184 5.02.236zm401.722-19.921c3.473.681 6.532 1.236 9.55 1.961 5.996 1.441 11.062 6.731 11.639 12.021.864 7.917-2.196 14.777-7.989 17.931-2.696 1.467-4.993 1.739-6.38-1.761-.719-1.815-1.711-3.523-2.69-5.504 1.428-.796 2.781-1.377 3.936-2.227 3.37-2.481 3.266-7.589-.624-8.65-6.735-1.839-13.729-2.988-20.687-3.642-3.474-.326-5.107 3.821-3.268 7.258.678 1.267 1.812 2.29 2.736 3.422-.369.605-.529 1.134-.886 1.407-2.349 1.798-4.098 6.488-7.43 4.186-2.73-1.886-5.139-5.998-5.377-9.29-.309-4.29.963-9.078 2.839-13.044 2.359-4.985 8.975-7.021 14.515-5.826 3.201.691 6.454 1.147 10.116 1.758zM359.093 48.97c3.966-2.562 10.395-1.502 12.294 2.242.481.948-.446 3.511-1.472 4.168-4.827 3.092-9.694 6.314-14.962 8.478-7.026 2.886-11.178 8.245-15.033 14.27-3.742 5.846-5.451 6.077-10.414 2.708-2.919-1.98-2.865-4.135-1.066-6.672a24.794 24.794 0 012.536-3.037c8.384-8.53 8.111-19.89 10.032-30.536.509-2.822 1.125-5.626 1.91-9.522 3.607 2.57 6.456 4.38 8.99 6.555.672.578.654 2.328.472 3.463-.646 4.008-1.5 7.982-2.464 12.942 3.357-1.888 6.084-3.42 9.177-5.059zM22.166 189.998c8.859 1.329 17.269 2.805 25.729 3.897 2.827.364 4.952 1.173 3.858 4.117-1 2.69.657 7.92-5.319 6.981-7.461-1.172-14.932-2.284-22.39-3.477-2.42-.387-4.801-1.03-7.223-1.409-2.857-.448-3.82 1.042-3.86 3.753-.042 2.855.579 6.634-4.243 5.955-7.008-.987-7.364-1.834-6.18-8.003 1.361-7.084 2.35-14.241 3.417-21.379.337-2.258.657-4.012 3.667-2.679 2.391 1.058 6.883-1.394 6.492 4.134-.151 2.142-.025 4.304-.025 6.819 1.542.352 3.595.82 6.077 1.291zM191.969 49.881c-4.884 2.306-9.75 4.216-14.632 6.083-.603.23-1.312.166-1.94.347-9.544 2.744-9.62 2.772-12.496-6.603a2013.592 2013.592 0 01-9.513-32.014c-.693-2.4-1.282-5.127 2.518-5.678 3.269-.474 6.997-3.23 8.553 2.747 2.676 10.28 5.828 20.437 8.88 30.993 3.083-.949 5.844-1.898 8.658-2.647 7.93-2.11 8.151-1.941 9.972 6.772zm1.03-13.841c-1-9.425-2.026-18.39-2.974-27.362-.172-1.62-.025-3.275-.025-5.676 2.269 0 4.2.155 6.097-.034 3.454-.343 4.625 1.345 4.932 4.54.987 10.281 2.153 20.545 3.329 31.558 3.785-.362 7.45-.912 11.128-1.022 6.595-.196 6.612-.075 6.504 6.605-.014.823-.092 1.644-.186 3.246-7.99 1.025-16.028 2.197-24.107 2.931-1.104.1-3.197-1.805-3.467-3.073-.783-3.672-.87-7.493-1.231-11.714zm221.565 303.972c2.002.472 3.564.938 5.194 1.424.354 4.104-1.758 4.976-5.16 4.411-3.871-.642-7.767-1.732-11.622-1.618-2.059.061-4.054 2.251-6.061 3.47 3.396 5.658 11.338 5.491 12.387 13.555-2.466-.649-4.486-.69-5.908-1.633-9.174-6.088-18.173-12.438-27.333-18.547-2.186-1.457-2.575-2.626-.95-4.758 2.185-2.868 3.954-6.057 6.189-8.882 3.053-3.859 7.535-4.294 11.748-3.177 4.564 1.21 9.509 4.068 9.591 8.934.114 6.81 3.524 7.205 8.486 6.82.994-.077 1.999-.008 3.439.001zm-25.023 3.863l3.968 2.104c1.54-3.803 4.275-7.469 3.951-10.84-.217-2.252-4.584-5.357-7.455-5.815-4.519-.72-6.65 3.74-7.926 7.337-.364 1.024 2.537 3.301 4.08 4.866.783.794 1.875 1.284 3.382 2.348zm-190.107 64.359c7.93 2.741 10.011 5.174 9.443 13.221-.471 6.678-1.733 13.343-3.177 19.896-1.027 4.659-7.839 8.368-12.633 7.556-2.101-.356-4.211-.659-6.303-1.061-2.077-.399-4.136-.891-6.885-1.491.701-4.403 1.384-8.867 2.127-13.321 1.292-7.755 2.767-15.484 3.864-23.266.433-3.069 1.25-3.938 4.41-2.935 2.776.881 5.834.875 9.154 1.401zm-11.924 22.754c-.492 2.575-1.153 5.134-1.401 7.732-.113 1.187.196 2.881.989 3.606 3.182 2.911 11.499 1.554 12.767-2.592 1.989-6.508 3.364-13.333 3.895-20.11.351-4.472-8.024-9.126-12.085-7.354-.733.32-1.431 1.445-1.567 2.291-.836 5.193-1.506 10.413-2.598 16.427zm130.494-8.973c1.423 2.988 2.75 5.617 4.094 8.28-2.784 2.563-4.751 2.386-6.371-.895-4.893-9.907-9.936-19.741-14.685-29.716-.542-1.139.415-2.993.677-4.515 1.385.798 3.334 1.259 4.051 2.457 2.178 3.64 3.879 7.565 6.016 11.883l13.12-6.522c-2.128-4.374-4.212-8.281-5.894-12.354-.486-1.176.183-2.829.322-4.263 1.432.612 3.6.825 4.18 1.898a888.294 888.294 0 0115.397 29.859c.579 1.178-.269 3.059-.456 4.614-1.407-.713-3.385-1.059-4.119-2.203-2.554-3.986-4.677-8.248-7.091-12.635l-13.009 6.532c1.284 2.525 2.478 4.873 3.768 7.58zM35.97 343.843c-1.572-2.569-1.19-4.08 1.168-5.595 9.262-5.951 18.411-12.078 27.584-18.167 2.702-1.794 4.615-.912 6.186 1.591 2.705 4.311 5.671 8.484 8.011 12.984.703 1.351-.31 3.594-.536 5.428l-1.82.016-9.95-14.38-10.18 6.258c2.27 3.414 4.544 6.398 6.283 9.667.683 1.284.168 3.204.2 4.834-1.58-.592-3.705-.736-4.633-1.864-2.374-2.882-4.214-6.203-6.393-9.54l-10.282 6.941c2.241 3.664 4.598 7.004 6.366 10.631.828 1.701.52 3.956.727 5.96-1.61-.996-3.645-1.656-4.746-3.052-2.848-3.609-5.283-7.543-7.986-11.712zm48.308 48.926c2.787 2.342 5.315 4.438 7.949 6.62-1.977 3.736-3.776 4.692-6.9 1.535-4.066-4.111-8.5-7.86-13.37-12.309 2.74-3.436 5.323-6.887 8.13-10.144 5.068-5.88 10.28-11.633 15.41-17.46 2.153-2.447 4.207-2.79 6.733-.343 3.56 3.451 7.466 6.551 10.946 10.076.91.922.788 2.862 1.14 4.335-1.419-.171-3.217.15-4.192-.6-3.659-2.816-7.05-5.981-10.835-9.271l-7.934 9.236 11.042 10.292-3.362 3.551-10.792-9.106c-8.53 5.514-9.374 8.175-3.965 13.588zm280.419-32.465c-1.213-1.997-2.479-3.591-3.131-5.406-.35-.976-.01-2.661.683-3.422.704-.774 2.535-1.452 3.341-1.065 11.986 5.754 23.885 11.688 35.79 17.608.23.114.297.554.495.951-1.287 3.072-3.51 3.947-6.178 1.883-3.717-2.876-6.26-1.442-8.731 1.638a20.188 20.188 0 01-3.167 3.168c-2.332 1.849-3.03 3.706-.664 6.071.671.671 1.433 1.671 1.422 2.512-.018 1.476-.6 2.946-.946 4.419-1.248-.687-3.02-1.056-3.657-2.112-4.321-7.157-8.399-14.46-12.563-21.712-.814-1.416-1.66-2.815-2.694-4.533zm6.125-1.878l-1.257-.133c.249.462.498.923 1.156 1.95l7.764 13.543 6.893-8.252c-5.142-2.379-9.725-4.499-14.556-7.108zm29.862-36.125a1538.317 1538.317 0 00-12.052-6.031c2.888-6.28 5.501-12.272 8.459-18.089.491-.966 2.487-1.167 3.788-1.722.31 1.38 1.244 3.003.818 4.096-1.657 4.256-3.747 8.344-5.988 13.167l10.594 5.432c1.945-3.756 3.593-7.339 5.649-10.671.656-1.062 2.396-1.456 3.64-2.155.35 1.469 1.361 3.183.925 4.362-1.295 3.496-3.16 6.782-4.967 10.49l11.508 5.863c1.761-3.925 3.52-7.739 5.187-11.593 1.318-3.047 3.025-4.745 6.852-1.994-2.773 6.024-5.358 12.159-8.523 17.979-.5.92-3.915 1.112-5.476.449-6.8-2.887-13.413-6.214-20.414-9.583zM162.383 422.709c-1.323.006-2.815-.145-3.182.427-4.875 7.592-3.6 11.004 4.973 13.817 2.028.665 4.155 1.146 6.024 2.119.836.436 1.804 2.144 1.539 2.8-.367.904-2.048 2.101-2.811 1.889-5.682-1.577-11.37-3.241-16.818-5.461-1.082-.441-1.981-3.641-1.536-5.146 3.349-11.312 7.056-22.519 10.898-34.528 4.226 1.281 8.214 2.509 12.214 3.697 2.198.652 4.606.894 6.556 1.977 1.22.678 1.763 2.576 2.61 3.926-1.374.374-2.899 1.331-4.094 1.019-4.424-1.154-8.739-2.727-13.852-4.389-1.049 3.664-2.166 7.181-2.969 10.769-.129.577 1.006 1.846 1.801 2.144 2.443.918 4.97 1.699 7.53 2.202 3.356.659 4.354 2.419 3.15 6.357-3.989-1.175-7.833-2.308-12.033-3.619zm-99.62-106.295c-1.56.389-3.056.681-4.328.273-.389-.124-.6-2.396-.138-3.301 1.952-3.835-.416-6.768-2.64-8.714-1.424-1.246-5.077-1.162-7.077-.246-3.02 1.382-3.8 4.162-2.764 7.896 2.59 9.338 1.299 13.056-4.78 16.125-8.26 4.17-15.704.824-17.862-8.654-.607-2.668-.35-5.707.27-8.402.298-1.294 2.363-2.181 3.627-3.252.536 1.516 1.79 3.206 1.472 4.515-.918 3.784-1.24 7.483 1.918 10.053 1.601 1.304 4.655 2.179 6.428 1.534 1.774-.646 3.69-3.329 3.905-5.297.384-3.529-.643-7.185-.748-10.798-.134-4.608 3.549-8.698 8.565-9.935 5.462-1.346 10.4.601 12.872 4.673 2.57 4.235 3.358 8.514 1.28 13.53zM338.06 379.66c-.271-8.909 7.022-15.107 16.339-13.472 1.339.235 2.344 2.38 3.503 3.641-1.418.495-2.961 1.621-4.23 1.368-3.786-.753-7.162.451-8.472 3.508-1.007 2.353-.785 6.365.647 8.41 3.801 5.433 8.065 10.774 13.081 15.054 4.054 3.458 11.439-1.23 10.706-6.612-.36-2.637-.764-4.636 2.264-4.269 1.191.144 2.988 3.054 2.893 4.605-.294 4.797-2.715 8.568-6.988 11.217-4.128 2.559-8.551 2.898-11.936-.064-4.745-4.152-8.816-9.143-12.78-14.091-2.096-2.617-3.355-5.905-5.027-9.295zm-226.063 12.35c-2.115 3.733-4.654 6.931-5.952 10.571-.778 2.186-.373 5.526.852 7.516 1.693 2.749 4.851 3.82 8.296 2.28 1.647-.737 3.949-2.63 4.516.73.192 1.136-1.609 3.318-2.971 3.883-5.456 2.265-10.966.747-14.779-3.569-2.976-3.369-3.175-10.776-.149-15.628a203.428 203.428 0 018.546-12.641c4.868-6.641 9.581-8.589 14.869-6.466 7.499 3.011 9.473 6.714 8.331 15.986-2.602.628-4.702.282-4.494-3.053.297-4.749-2.531-7.615-6.38-7.962-2.45-.22-5.307 2.334-7.707 4.031-1.264.894-1.938 2.621-2.978 4.322zm184.063 46.979c-3.249-9.525-6.537-18.621-9.374-27.857-1.075-3.5-2.545-4.506-5.866-3.067-1.17.507-2.593 1.021-3.752.789-1.026-.204-2.169-1.293-2.621-2.283-.223-.49.816-2.134 1.585-2.408 6.018-2.146 12.061-4.257 18.214-5.952 1.287-.354 3.061 1.055 4.61 1.652-1.109 1.116-2.064 2.481-3.366 3.285-1.632 1.008-3.549 1.555-5.213 2.247 3.372 10.202 6.595 20.163 9.971 30.072 1.53 4.492-.305 5.087-4.188 3.522zm-143.372-38.683c-3.103-1.977-4.497-1.029-5.819 1.883-4.256 9.377-8.824 18.611-13.43 28.229l-4.816-2.158 15.277-32.135c-2.029-1.038-4.165-1.872-5.972-3.164-.897-.642-1.192-2.127-1.759-3.231 1.082-.509 2.477-1.733 3.197-1.418a334.778 334.778 0 0118.658 8.888c.63.324.434 2.252.621 3.436-1.877-.042-3.753-.083-5.957-.33zm-99.658-33.31c2.477-2.902 4.809-5.594 7.459-7.923 6.29-5.531 12.653-10.989 19.184-16.229 1.234-.989 3.385-.834 5.113-1.207-.587 1.614-.71 3.741-1.836 4.759-6.83 6.17-13.894 12.079-20.86 18.098-.74.64-1.355 1.425-2.437 2.581l10.878 13.253-3.736 3.695c-4.879-5.902-9.322-11.278-13.764-17.027zm227.483 77.53c-2.438 1.417-4.615 2.649-5.482-1.148-2.626-11.496-5.3-22.98-7.908-34.48-.17-.747.051-1.584.09-2.358 3.496-1.317 5.077-.088 5.795 3.204 2.512 11.511 5.161 22.991 7.505 34.782z"></path><path fill="#000" d="M60.5 115.513c.438.271.686.733.935 1.194-.419-.044-.838-.089-1.38-.377.002-.372.128-.499.444-.817zM379.513 96.5c.271-.438.733-.686 1.194-.935-.044.419-.089.838-.377 1.38-.372-.002-.499-.128-.817-.444zm-9.012 262.987c-.438-.271-.687-.732-.936-1.194.419.044.838.089 1.381.377-.003.372-.129.499-.445.817z"></path></svg><svg id="svg-ce-mark" viewBox="0 0 1192 840"><path fill="#fff" d="M0 0v840h1192V0H0z"></path><path fill="#9f9f9f" d="M388 91v1h8l-8-1z"></path><path fill="#2d2d2d" d="M396 91v1h7l-7-1z"></path><path fill="#010101" d="M443 689v-90c-36.426 2.875-71.367 2.395-106-11.203C219.124 541.517 166.08 401.539 226.769 290c10.882-19.999 25.334-38.547 42.231-53.83 49.684-44.936 108.983-58.302 174-53.17V93c-51.166-2.197-100.023.972-148 21.427-32.007 13.647-62.769 32.486-88 56.612-27.905 26.684-51.53 57.764-67.691 92.961C85.153 381.944 112.877 523.307 208 611.911c49.007 45.647 112.808 71.62 179 77.919 18.837 1.793 37.211-.023 56-.83z"></path><path fill="#2d2d2d" d="M419 91v1h6l-6-1z"></path><path fill="#5b5b5b" d="M425 91l1 1-1-1z"></path><path fill="#9f9f9f" d="M426 91v1h8l-8-1m472 0v1h8l-8-1z"></path><path fill="#2d2d2d" d="M906 91v1h7l-7-1z"></path><path fill="#010101" d="M951 689v-90c-81.675 15.163-168.422-30.226-210.2-100-10.94-18.271-23.035-41.388-24.8-63h175v-90H716c1.765-21.612 13.86-44.729 24.8-63 41.778-69.774 128.525-115.163 210.2-100V93c-41.058-5.189-84.754.251-124 13.333-39.704 13.235-75.599 34.307-107 61.953-19.043 16.765-35.299 36.66-49.333 57.714C583.66 356.522 616.74 538.091 742 631.626c29.452 21.992 63.418 38.871 99 48.258 35.618 9.397 73.372 13.745 110 9.116z"></path><path fill="#2d2d2d" d="M929 91v1h7l-7-1z"></path><path fill="#5b5b5b" d="M936 91l1 1-1-1z"></path><path fill="#9f9f9f" d="M937 91v1h7l-7-1m-559 1v1h4l-4-1z"></path><path fill="#5b5b5b" d="M382 92l1 1-1-1z"></path><path fill="#2d2d2d" d="M383.667 92.333l.666.334-.666-.334m54 0l.666.334-.666-.334z"></path><path fill="#5b5b5b" d="M439 92l1 1-1-1z"></path><path fill="#9f9f9f" d="M440 92v1h3l-3-1m448 0v1h4l-4-1z"></path><path fill="#5b5b5b" d="M892 92l1 1-1-1z"></path><path fill="#2d2d2d" d="M893.667 92.333l.666.334-.666-.334m54 0l.666.334-.666-.334z"></path><path fill="#5b5b5b" d="M949 92l1 1-1-1z"></path><path fill="#9f9f9f" d="M950 92l1 1-1-1m-580 1v1h3l-3-1z"></path><path fill="#2d2d2d" d="M373.667 93.333l.666.334-.666-.334z"></path><path fill="#9f9f9f" d="M880 93v1h3l-3-1z"></path><path fill="#2d2d2d" d="M883.667 93.333l.666.334-.666-.334z"></path><path fill="#9f9f9f" d="M363 94v1h3l-3-1z"></path><path fill="#2d2d2d" d="M366.667 94.333l.666.334-.666-.334z"></path><path fill="#9f9f9f" d="M873 94v1h3l-3-1z"></path><path fill="#2d2d2d" d="M876.667 94.333l.666.334-.666-.334z"></path><path fill="#9f9f9f" d="M357.667 95.333l.666.334-.666-.334z"></path><path fill="#5b5b5b" d="M359 95l1 1-1-1z"></path><path fill="#2d2d2d" d="M360 95l1 1-1-1z"></path><path fill="#9f9f9f" d="M867.667 95.333l.666.334-.666-.334z"></path><path fill="#5b5b5b" d="M869 95l1 1-1-1z"></path><path fill="#2d2d2d" d="M870 95l1 1-1-1z"></path><path fill="#9f9f9f" d="M352.667 96.333l.666.334-.666-.334z"></path><path fill="#5b5b5b" d="M354 96l1 1-1-1z"></path><path fill="#2d2d2d" d="M355 96l1 1-1-1z"></path><path fill="#9f9f9f" d="M862.667 96.333l.666.334-.666-.334z"></path><path fill="#5b5b5b" d="M864 96l1 1-1-1z"></path><path fill="#2d2d2d" d="M865 96l1 1-1-1z"></path><path fill="#9f9f9f" d="M347.667 97.333l.666.334-.666-.334z"></path><path fill="#5b5b5b" d="M349 97l1 1-1-1z"></path><path fill="#2d2d2d" d="M350 97l1 1-1-1z"></path><path fill="#9f9f9f" d="M857.667 97.333l.666.334-.666-.334z"></path><path fill="#5b5b5b" d="M859 97l1 1-1-1z"></path><path fill="#2d2d2d" d="M860 97l1 1-1-1z"></path><path fill="#9f9f9f" d="M343 98l1 1-1-1z"></path><path fill="#5b5b5b" d="M344 98l1 1-1-1z"></path><path fill="#2d2d2d" d="M345 98l1 1-1-1z"></path><path fill="#9f9f9f" d="M853 98l1 1-1-1z"></path><path fill="#5b5b5b" d="M854 98l1 1-1-1z"></path><path fill="#2d2d2d" d="M855 98l1 1-1-1z"></path><path fill="#9f9f9f" d="M338.667 99.333l.666.334-.666-.334z"></path><path fill="#5b5b5b" d="M340 99l1 1-1-1z"></path><path fill="#2d2d2d" d="M341 99l1 1-1-1z"></path><path fill="#9f9f9f" d="M848.667 99.333l.666.334-.666-.334z"></path><path fill="#5b5b5b" d="M850 99l1 1-1-1z"></path><path fill="#2d2d2d" d="M851 99l1 1-1-1z"></path><path fill="#9f9f9f" d="M335 100l1 1-1-1z"></path><path fill="#5b5b5b" d="M336 100l1 1-1-1z"></path><path fill="#9f9f9f" d="M845 100l1 1-1-1z"></path><path fill="#5b5b5b" d="M846 100l1 1-1-1z"></path><path fill="#9f9f9f" d="M331 101l1 1-1-1z"></path><path fill="#5b5b5b" d="M332 101l1 1-1-1z"></path><path fill="#2d2d2d" d="M333 101l1 1-1-1z"></path><path fill="#9f9f9f" d="M841 101l1 1-1-1z"></path><path fill="#5b5b5b" d="M842 101l1 1-1-1z"></path><path fill="#2d2d2d" d="M843 101l1 1-1-1z"></path><path fill="#9f9f9f" d="M327.667 102.333l.666.334-.666-.334z"></path><path fill="#2d2d2d" d="M329 102l1 1-1-1z"></path><path fill="#9f9f9f" d="M837.667 102.333l.666.334-.666-.334z"></path><path fill="#2d2d2d" d="M839 102l1 1-1-1z"></path><path fill="#9f9f9f" d="M324 103l1 1-1-1z"></path><path fill="#5b5b5b" d="M325 103l1 1-1-1z"></path><path fill="#9f9f9f" d="M834 103l1 1-1-1z"></path><path fill="#5b5b5b" d="M835 103l1 1-1-1z"></path><path fill="#9f9f9f" d="M321 104l1 1-1-1z"></path><path fill="#5b5b5b" d="M322 104l1 1-1-1z"></path><path fill="#9f9f9f" d="M831 104l1 1-1-1z"></path><path fill="#5b5b5b" d="M832 104l1 1-1-1z"></path><path fill="#9f9f9f" d="M318 105l1 1-1-1z"></path><path fill="#2d2d2d" d="M319 105l1 1-1-1z"></path><path fill="#9f9f9f" d="M828 105l1 1-1-1z"></path><path fill="#2d2d2d" d="M829 105l1 1-1-1z"></path><path fill="#9f9f9f" d="M315 106l1 1-1-1z"></path><path fill="#2d2d2d" d="M316 106l1 1-1-1z"></path><path fill="#9f9f9f" d="M825 106l1 1-1-1z"></path><path fill="#2d2d2d" d="M826 106l1 1-1-1z"></path><path fill="#9f9f9f" d="M312 107l1 1-1-1z"></path><path fill="#2d2d2d" d="M313 107l1 1-1-1z"></path><path fill="#9f9f9f" d="M822 107l1 1-1-1z"></path><path fill="#2d2d2d" d="M823 107l1 1-1-1z"></path><path fill="#9f9f9f" d="M309 108l1 1-1-1z"></path><path fill="#5b5b5b" d="M310 108l1 1-1-1z"></path><path fill="#9f9f9f" d="M819 108l1 1-1-1z"></path><path fill="#5b5b5b" d="M820 108l1 1-1-1z"></path><path fill="#9f9f9f" d="M306 109l1 1-1-1z"></path><path fill="#5b5b5b" d="M307 109l1 1-1-1z"></path><path fill="#9f9f9f" d="M816 109l1 1-1-1z"></path><path fill="#5b5b5b" d="M817 109l1 1-1-1m-513 1l1 1-1-1z"></path><path fill="#2d2d2d" d="M305 110l1 1-1-1z"></path><path fill="#5b5b5b" d="M814 110l1 1-1-1z"></path><path fill="#2d2d2d" d="M815 110l1 1-1-1z"></path><path fill="#9f9f9f" d="M301 111l1 1-1-1z"></path><path fill="#2d2d2d" d="M302 111l1 1-1-1z"></path><path fill="#9f9f9f" d="M811 111l1 1-1-1z"></path><path fill="#2d2d2d" d="M812 111l1 1-1-1z"></path><path fill="#5b5b5b" d="M299 112l1 1-1-1m510 0l1 1-1-1z"></path><path fill="#9f9f9f" d="M296 113l1 1-1-1z"></path><path fill="#2d2d2d" d="M297 113l1 1-1-1z"></path><path fill="#9f9f9f" d="M806 113l1 1-1-1z"></path><path fill="#2d2d2d" d="M807 113l1 1-1-1z"></path><path fill="#5b5b5b" d="M294 114l1 1-1-1m510 0l1 1-1-1z"></path><path fill="#9f9f9f" d="M291 115l1 1-1-1z"></path><path fill="#5b5b5b" d="M292 115l1 1-1-1z"></path><path fill="#9f9f9f" d="M801 115l1 1-1-1z"></path><path fill="#5b5b5b" d="M802 115l1 1-1-1z"></path><path fill="#9f9f9f" d="M289 116l1 1-1-1z"></path><path fill="#2d2d2d" d="M290 116l1 1-1-1z"></path><path fill="#9f9f9f" d="M799 116l1 1-1-1z"></path><path fill="#2d2d2d" d="M800 116l1 1-1-1z"></path><path fill="#9f9f9f" d="M287 117l1 1-1-1z"></path><path fill="#2d2d2d" d="M288 117l1 1-1-1z"></path><path fill="#9f9f9f" d="M797 117l1 1-1-1z"></path><path fill="#2d2d2d" d="M798 117l1 1-1-1z"></path><path fill="#9f9f9f" d="M285 118l1 1-1-1m510 0l1 1-1-1z"></path><path fill="#5b5b5b" d="M283 119l1 1-1-1m510 0l1 1-1-1z"></path><path fill="#9f9f9f" d="M280 120l1 1-1-1z"></path><path fill="#5b5b5b" d="M281 120l1 1-1-1z"></path><path fill="#9f9f9f" d="M790 120l1 1-1-1z"></path><path fill="#5b5b5b" d="M791 120l1 1-1-1z"></path><path fill="#9f9f9f" d="M278 121l1 1-1-1z"></path><path fill="#2d2d2d" d="M279 121l1 1-1-1z"></path><path fill="#9f9f9f" d="M788 121l1 1-1-1z"></path><path fill="#2d2d2d" d="M789 121l1 1-1-1z"></path><path fill="#9f9f9f" d="M276 122l1 1-1-1z"></path><path fill="#2d2d2d" d="M277 122l1 1-1-1z"></path><path fill="#9f9f9f" d="M786 122l1 1-1-1z"></path><path fill="#2d2d2d" d="M787 122l1 1-1-1z"></path><path fill="#9f9f9f" d="M274 123l1 1-1-1z"></path><path fill="#2d2d2d" d="M275 123l1 1-1-1z"></path><path fill="#9f9f9f" d="M784 123l1 1-1-1z"></path><path fill="#2d2d2d" d="M785 123l1 1-1-1m-512 1l1 1-1-1m510 0l1 1-1-1z"></path><path fill="#5b5b5b" d="M271 125l1 1-1-1m510 0l1 1-1-1m-512 1l1 1-1-1m510 0l1 1-1-1z"></path><path fill="#9f9f9f" d="M267 127l1 1-1-1m510 0l1 1-1-1m-512 1l1 1-1-1m510 0l1 1-1-1m-512 1l1 1-1-1z"></path><path fill="#2d2d2d" d="M264 129l1 1-1-1z"></path><path fill="#9f9f9f" d="M773 129l1 1-1-1z"></path><path fill="#2d2d2d" d="M774 129l1 1-1-1m-512 1l1 1-1-1m510 0l1 1-1-1z"></path><path fill="#5b5b5b" d="M260 131l1 1-1-1m510 0l1 1-1-1z"></path><path fill="#9f9f9f" d="M258 132l1 1-1-1m510 0l1 1-1-1m-512 1l1 1-1-1z"></path><path fill="#2d2d2d" d="M257 133l1 1-1-1z"></path><path fill="#9f9f9f" d="M766 133l1 1-1-1z"></path><path fill="#2d2d2d" d="M767 133l1 1-1-1z"></path><path fill="#5b5b5b" d="M255 134l1 1-1-1m510 0l1 1-1-1z"></path><path fill="#9f9f9f" d="M253 135l1 1-1-1m510 0l1 1-1-1z"></path><path fill="#2d2d2d" d="M252 136l1 1-1-1m510 0l1 1-1-1z"></path><path fill="#9f9f9f" d="M250 137l1 1-1-1m510 0l1 1-1-1m-512 1l1 1-1-1z"></path><path fill="#2d2d2d" d="M249 138l1 1-1-1z"></path><path fill="#9f9f9f" d="M758 138l1 1-1-1z"></path><path fill="#2d2d2d" d="M759 138l1 1-1-1z"></path><path fill="#5b5b5b" d="M247 139l1 1-1-1m510 0l1 1-1-1z"></path><path fill="#9f9f9f" d="M245 140l1 1-1-1z"></path><path fill="#2d2d2d" d="M246 140l1 1-1-1z"></path><path fill="#9f9f9f" d="M755 140l1 1-1-1z"></path><path fill="#2d2d2d" d="M756 140l1 1-1-1z"></path><path fill="#5b5b5b" d="M244 141l1 1-1-1m510 0l1 1-1-1z"></path><path fill="#9f9f9f" d="M242 142l1 1-1-1z"></path><path fill="#2d2d2d" d="M243 142l1 1-1-1z"></path><path fill="#9f9f9f" d="M752 142l1 1-1-1z"></path><path fill="#2d2d2d" d="M753 142l1 1-1-1z"></path><path fill="#5b5b5b" d="M241 143l1 1-1-1m510 0l1 1-1-1z"></path><path fill="#9f9f9f" d="M239 144l1 1-1-1z"></path><path fill="#2d2d2d" d="M240 144l1 1-1-1z"></path><path fill="#9f9f9f" d="M749 144l1 1-1-1z"></path><path fill="#2d2d2d" d="M750 144l1 1-1-1z"></path><path fill="#9f9f9f" d="M238 145l1 1-1-1m510 0l1 1-1-1z"></path><path fill="#2d2d2d" d="M237 146l1 1-1-1m510 0l1 1-1-1z"></path><path fill="#9f9f9f" d="M235 147l1 1-1-1m510 0l1 1-1-1z"></path><path fill="#5b5b5b" d="M234 148l1 1-1-1m510 0l1 1-1-1z"></path><path fill="#9f9f9f" d="M232 149l1 1-1-1z"></path><path fill="#2d2d2d" d="M233 149l1 1-1-1z"></path><path fill="#9f9f9f" d="M742 149l1 1-1-1z"></path><path fill="#2d2d2d" d="M743 149l1 1-1-1z"></path><path fill="#9f9f9f" d="M231 150l1 1-1-1m510 0l1 1-1-1z"></path><path fill="#5b5b5b" d="M230 151l1 1-1-1m510 0l1 1-1-1z"></path><path fill="#9f9f9f" d="M228 152l1 1-1-1z"></path><path fill="#2d2d2d" d="M229 152l1 1-1-1z"></path><path fill="#9f9f9f" d="M738 152l1 1-1-1z"></path><path fill="#2d2d2d" d="M739 152l1 1-1-1z"></path><path fill="#9f9f9f" d="M227 153l1 1-1-1m510 0l1 1-1-1z"></path><path fill="#5b5b5b" d="M226 154l1 1-1-1m510 0l1 1-1-1z"></path><path fill="#2d2d2d" d="M225 155l1 1-1-1m510 0l1 1-1-1z"></path><path fill="#9f9f9f" d="M223 156l1 1-1-1m510 0l1 1-1-1m-511 1l1 1-1-1m510 0l1 1-1-1z"></path><path fill="#5b5b5b" d="M221 158l1 1-1-1m510 0l1 1-1-1z"></path><path fill="#2d2d2d" d="M220 159l1 1-1-1m510 0l1 1-1-1z"></path><path fill="#9f9f9f" d="M218 160l1 1-1-1z"></path><path fill="#2d2d2d" d="M219 160l1 1-1-1z"></path><path fill="#9f9f9f" d="M728 160l1 1-1-1z"></path><path fill="#2d2d2d" d="M729 160l1 1-1-1z"></path><path fill="#9f9f9f" d="M217 161l1 1-1-1m510 0l1 1-1-1m-511 1l1 1-1-1m510 0l1 1-1-1z"></path><path fill="#5b5b5b" d="M215 163l1 1-1-1m510 0l1 1-1-1m-511 1l1 1-1-1m510 0l1 1-1-1z"></path><path fill="#2d2d2d" d="M213 165l1 1-1-1m510 0l1 1-1-1m-511 1l1 1-1-1m510 0l1 1-1-1z"></path><path fill="#9f9f9f" d="M210 167l1 1-1-1m510 0l1 1-1-1m-511 1l1 1-1-1m510 0l1 1-1-1m-511 1l1 1-1-1m510 0l1 1-1-1m-511 1l1 1-1-1m510 0l1 1-1-1m-511 1l1 1-1-1m510 0l1 1-1-1z"></path><path fill="#5b5b5b" d="M205 172l1 1-1-1m510 0l1 1-1-1m-511 1l1 1-1-1m510 0l1 1-1-1m-511 1l1 1-1-1m510 0l1 1-1-1m-511 1l1 1-1-1m510 0l1 1-1-1m-511 1l1 1-1-1m510 0l1 1-1-1m-511 1l1 1-1-1m510 0l1 1-1-1z"></path><path fill="#2d2d2d" d="M199 178l1 1-1-1m510 0l1 1-1-1m-511 1l1 1-1-1m510 0l1 1-1-1z"></path><path fill="#5b5b5b" d="M197 180l1 1-1-1m510 0l1 1-1-1m-511 1l1 1-1-1z"></path><path fill="#2d2d2d" d="M392.667 181.333l.666.334-.666-.334z"></path><path fill="#5b5b5b" d="M394 181l1 1-1-1z"></path><path fill="#9f9f9f" d="M395 181v1h9l-9-1m23 0v1h9l-9-1z"></path><path fill="#5b5b5b" d="M427 181l1 1-1-1z"></path><path fill="#2d2d2d" d="M428.667 181.333l.666.334-.666-.334z"></path><path fill="#5b5b5b" d="M706 181l1 1-1-1z"></path><path fill="#2d2d2d" d="M902.667 181.333l.666.334-.666-.334z"></path><path fill="#5b5b5b" d="M904 181l1 1-1-1z"></path><path fill="#9f9f9f" d="M905 181v1h9l-9-1m23 0v1h9l-9-1z"></path><path fill="#5b5b5b" d="M937 181l1 1-1-1z"></path><path fill="#2d2d2d" d="M938.667 181.333l.666.334-.666-.334z"></path><path fill="#5b5b5b" d="M195 182l1 1-1-1z"></path><path fill="#2d2d2d" d="M383 182l1 1-1-1z"></path><path fill="#5b5b5b" d="M384 182l1 1-1-1z"></path><path fill="#9f9f9f" d="M385 182v1h4l-4-1m48 0v1h4l-4-1z"></path><path fill="#2d2d2d" d="M437.667 182.333l.666.334-.666-.334z"></path><path fill="#5b5b5b" d="M705 182l1 1-1-1z"></path><path fill="#2d2d2d" d="M893 182l1 1-1-1z"></path><path fill="#5b5b5b" d="M894 182l1 1-1-1z"></path><path fill="#9f9f9f" d="M895 182v1h4l-4-1m48 0v1h4l-4-1z"></path><path fill="#2d2d2d" d="M947.667 182.333l.666.334-.666-.334z"></path><path fill="#5b5b5b" d="M194 183l1 1-1-1z"></path><path fill="#2d2d2d" d="M376 183l1 1-1-1z"></path><path fill="#5b5b5b" d="M377 183l1 1-1-1z"></path><path fill="#9f9f9f" d="M378 183v1h3l-3-1m63.667.333l.666.334-.666-.334z"></path><path fill="#5b5b5b" d="M704 183l1 1-1-1z"></path><path fill="#2d2d2d" d="M886 183l1 1-1-1z"></path><path fill="#5b5b5b" d="M887 183l1 1-1-1z"></path><path fill="#9f9f9f" d="M888 183v1h3l-3-1z"></path><path fill="#5b5b5b" d="M193 184l1 1-1-1z"></path><path fill="#2d2d2d" d="M371 184l1 1-1-1z"></path><path fill="#9f9f9f" d="M372.667 184.333l.666.334-.666-.334z"></path><path fill="#5b5b5b" d="M703 184l1 1-1-1z"></path><path fill="#2d2d2d" d="M881 184l1 1-1-1z"></path><path fill="#9f9f9f" d="M882.667 184.333l.666.334-.666-.334z"></path><path fill="#5b5b5b" d="M192 185l1 1-1-1z"></path><path fill="#2d2d2d" d="M366 185l1 1-1-1z"></path><path fill="#9f9f9f" d="M367.667 185.333l.666.334-.666-.334z"></path><path fill="#5b5b5b" d="M702 185l1 1-1-1z"></path><path fill="#2d2d2d" d="M876 185l1 1-1-1z"></path><path fill="#9f9f9f" d="M877.667 185.333l.666.334-.666-.334M191 186l1 1-1-1z"></path><path fill="#2d2d2d" d="M361 186l1 1-1-1z"></path><path fill="#5b5b5b" d="M362 186l1 1-1-1z"></path><path fill="#9f9f9f" d="M363 186l1 1-1-1m338 0l1 1-1-1z"></path><path fill="#2d2d2d" d="M871 186l1 1-1-1z"></path><path fill="#5b5b5b" d="M872 186l1 1-1-1z"></path><path fill="#9f9f9f" d="M873.667 186.333l.666.334-.666-.334M190 187l1 1-1-1z"></path><path fill="#2d2d2d" d="M357 187l1 1-1-1z"></path><path fill="#5b5b5b" d="M358 187l1 1-1-1z"></path><path fill="#9f9f9f" d="M359 187l1 1-1-1m341 0l1 1-1-1z"></path><path fill="#2d2d2d" d="M867 187l1 1-1-1z"></path><path fill="#5b5b5b" d="M868 187l1 1-1-1z"></path><path fill="#9f9f9f" d="M869 187l1 1-1-1m-680 1l1 1-1-1z"></path><path fill="#5b5b5b" d="M354 188l1 1-1-1z"></path><path fill="#9f9f9f" d="M355 188l1 1-1-1m344 0l1 1-1-1z"></path><path fill="#5b5b5b" d="M864 188l1 1-1-1z"></path><path fill="#9f9f9f" d="M865 188l1 1-1-1m-677 1l1 1-1-1z"></path><path fill="#2d2d2d" d="M350 189l1 1-1-1z"></path><path fill="#5b5b5b" d="M351 189l1 1-1-1z"></path><path fill="#9f9f9f" d="M352 189l1 1-1-1m346 0l1 1-1-1z"></path><path fill="#2d2d2d" d="M860 189l1 1-1-1z"></path><path fill="#5b5b5b" d="M861 189l1 1-1-1z"></path><path fill="#9f9f9f" d="M862 189l1 1-1-1m-675 1l1 1-1-1z"></path><path fill="#2d2d2d" d="M347 190l1 1-1-1z"></path><path fill="#9f9f9f" d="M348 190l1 1-1-1m349 0l1 1-1-1z"></path><path fill="#2d2d2d" d="M857 190l1 1-1-1z"></path><path fill="#9f9f9f" d="M858 190l1 1-1-1z"></path><path fill="#2d2d2d" d="M344 191l1 1-1-1z"></path><path fill="#9f9f9f" d="M345 191l1 1-1-1z"></path><path fill="#2d2d2d" d="M854 191l1 1-1-1z"></path><path fill="#9f9f9f" d="M855 191l1 1-1-1z"></path><path fill="#2d2d2d" d="M186 192l1 1-1-1m155 0l1 1-1-1z"></path><path fill="#9f9f9f" d="M342 192l1 1-1-1z"></path><path fill="#2d2d2d" d="M696 192l1 1-1-1m155 0l1 1-1-1z"></path><path fill="#9f9f9f" d="M852 192l1 1-1-1z"></path><path fill="#2d2d2d" d="M185 193l1 1-1-1m153 0l1 1-1-1z"></path><path fill="#9f9f9f" d="M339 193l1 1-1-1z"></path><path fill="#2d2d2d" d="M695 193l1 1-1-1m153 0l1 1-1-1z"></path><path fill="#9f9f9f" d="M849 193l1 1-1-1z"></path><path fill="#5b5b5b" d="M184 194l1 1-1-1m152 0l1 1-1-1z"></path><path fill="#9f9f9f" d="M337 194l1 1-1-1z"></path><path fill="#5b5b5b" d="M694 194l1 1-1-1m152 0l1 1-1-1m-663 1l1 1-1-1z"></path><path fill="#2d2d2d" d="M333 195l1 1-1-1z"></path><path fill="#9f9f9f" d="M334 195l1 1-1-1z"></path><path fill="#5b5b5b" d="M693 195l1 1-1-1z"></path><path fill="#2d2d2d" d="M843 195l1 1-1-1z"></path><path fill="#9f9f9f" d="M844 195l1 1-1-1m-662 1l1 1-1-1z"></path><path fill="#5b5b5b" d="M331 196l1 1-1-1z"></path><path fill="#9f9f9f" d="M692 196l1 1-1-1z"></path><path fill="#5b5b5b" d="M841 196l1 1-1-1z"></path><path fill="#9f9f9f" d="M181 197l1 1-1-1z"></path><path fill="#2d2d2d" d="M328 197l1 1-1-1z"></path><path fill="#9f9f9f" d="M329 197l1 1-1-1m362 0l1 1-1-1z"></path><path fill="#2d2d2d" d="M838 197l1 1-1-1z"></path><path fill="#9f9f9f" d="M839 197l1 1-1-1m-659 1l1 1-1-1z"></path><path fill="#5b5b5b" d="M326 198l1 1-1-1z"></path><path fill="#9f9f9f" d="M327 198l1 1-1-1m363 0l1 1-1-1z"></path><path fill="#5b5b5b" d="M836 198l1 1-1-1z"></path><path fill="#9f9f9f" d="M837 198l1 1-1-1z"></path><path fill="#2d2d2d" d="M180 199l1 1-1-1z"></path><path fill="#5b5b5b" d="M324 199l1 1-1-1z"></path><path fill="#2d2d2d" d="M690 199l1 1-1-1z"></path><path fill="#5b5b5b" d="M834 199l1 1-1-1z"></path><path fill="#2d2d2d" d="M179 200l1 1-1-1z"></path><path fill="#9f9f9f" d="M322 200l1 1-1-1z"></path><path fill="#2d2d2d" d="M689 200l1 1-1-1z"></path><path fill="#9f9f9f" d="M832 200l1 1-1-1z"></path><path fill="#5b5b5b" d="M178 201l1 1-1-1z"></path><path fill="#2d2d2d" d="M319 201l1 1-1-1z"></path><path fill="#9f9f9f" d="M320 201l1 1-1-1z"></path><path fill="#5b5b5b" d="M688 201l1 1-1-1z"></path><path fill="#2d2d2d" d="M829 201l1 1-1-1z"></path><path fill="#9f9f9f" d="M830 201l1 1-1-1m-653 1l1 1-1-1z"></path><path fill="#2d2d2d" d="M317 202l1 1-1-1z"></path><path fill="#9f9f9f" d="M318 202l1 1-1-1m369 0l1 1-1-1z"></path><path fill="#2d2d2d" d="M827 202l1 1-1-1z"></path><path fill="#9f9f9f" d="M828 202l1 1-1-1m-652 1l1 1-1-1z"></path><path fill="#2d2d2d" d="M315 203l1 1-1-1z"></path><path fill="#9f9f9f" d="M316 203l1 1-1-1m370 0l1 1-1-1z"></path><path fill="#2d2d2d" d="M825 203l1 1-1-1z"></path><path fill="#9f9f9f" d="M826 203l1 1-1-1m-512 1l1 1-1-1m510 0l1 1-1-1z"></path><path fill="#2d2d2d" d="M175 205l1 1-1-1z"></path><path fill="#9f9f9f" d="M312 205l1 1-1-1z"></path><path fill="#2d2d2d" d="M685 205l1 1-1-1z"></path><path fill="#9f9f9f" d="M822 205l1 1-1-1z"></path><path fill="#5b5b5b" d="M174 206l1 1-1-1m136 0l1 1-1-1m374 0l1 1-1-1m136 0l1 1-1-1z"></path><path fill="#9f9f9f" d="M173 207l1 1-1-1z"></path><path fill="#5b5b5b" d="M308 207l1 1-1-1z"></path><path fill="#9f9f9f" d="M683 207l1 1-1-1z"></path><path fill="#5b5b5b" d="M818 207l1 1-1-1z"></path><path fill="#9f9f9f" d="M172 208l1 1-1-1z"></path><path fill="#2d2d2d" d="M306 208l1 1-1-1z"></path><path fill="#9f9f9f" d="M307 208l1 1-1-1m375 0l1 1-1-1z"></path><path fill="#2d2d2d" d="M816 208l1 1-1-1z"></path><path fill="#9f9f9f" d="M817 208l1 1-1-1z"></path><path fill="#2d2d2d" d="M172 209l1 1-1-1z"></path><path fill="#9f9f9f" d="M305 209l1 1-1-1z"></path><path fill="#2d2d2d" d="M682 209l1 1-1-1z"></path><path fill="#9f9f9f" d="M815 209l1 1-1-1z"></path><path fill="#5b5b5b" d="M171 210l1 1-1-1m132 0l1 1-1-1m378 0l1 1-1-1m132 0l1 1-1-1z"></path><path fill="#9f9f9f" d="M170 211l1 1-1-1z"></path><path fill="#2d2d2d" d="M301 211l1 1-1-1z"></path><path fill="#9f9f9f" d="M680 211l1 1-1-1z"></path><path fill="#2d2d2d" d="M811 211l1 1-1-1z"></path><path fill="#9f9f9f" d="M169 212l1 1-1-1m131 0l1 1-1-1m379 0l1 1-1-1m131 0l1 1-1-1z"></path><path fill="#2d2d2d" d="M169 213l1 1-1-1z"></path><path fill="#5b5b5b" d="M298 213l1 1-1-1z"></path><path fill="#2d2d2d" d="M679 213l1 1-1-1z"></path><path fill="#5b5b5b" d="M808 213l1 1-1-1m-640 1l1 1-1-1z"></path><path fill="#2d2d2d" d="M296 214l1 1-1-1z"></path><path fill="#9f9f9f" d="M297 214l1 1-1-1z"></path><path fill="#5b5b5b" d="M678 214l1 1-1-1z"></path><path fill="#2d2d2d" d="M806 214l1 1-1-1z"></path><path fill="#9f9f9f" d="M807 214l1 1-1-1m-640 1l1 1-1-1z"></path><path fill="#5b5b5b" d="M295 215l1 1-1-1z"></path><path fill="#9f9f9f" d="M677 215l1 1-1-1z"></path><path fill="#5b5b5b" d="M805 215l1 1-1-1z"></path><path fill="#2d2d2d" d="M293 216l1 1-1-1z"></path><path fill="#9f9f9f" d="M294 216l1 1-1-1z"></path><path fill="#2d2d2d" d="M803 216l1 1-1-1z"></path><path fill="#9f9f9f" d="M804 216l1 1-1-1z"></path><path fill="#2d2d2d" d="M166 217l1 1-1-1z"></path><path fill="#5b5b5b" d="M292 217l1 1-1-1z"></path><path fill="#2d2d2d" d="M676 217l1 1-1-1z"></path><path fill="#5b5b5b" d="M802 217l1 1-1-1z"></path><path fill="#9f9f9f" d="M165 218l1 1-1-1m126 0l1 1-1-1m384 0l1 1-1-1m126 0l1 1-1-1m-637 1l1 1-1-1z"></path><path fill="#5b5b5b" d="M289 219l1 1-1-1z"></path><path fill="#9f9f9f" d="M674 219l1 1-1-1z"></path><path fill="#5b5b5b" d="M799 219l1 1-1-1z"></path><path fill="#2d2d2d" d="M164 220l1 1-1-1z"></path><path fill="#9f9f9f" d="M288 220l1 1-1-1z"></path><path fill="#2d2d2d" d="M674 220l1 1-1-1z"></path><path fill="#9f9f9f" d="M798 220l1 1-1-1z"></path><path fill="#5b5b5b" d="M163 221l1 1-1-1z"></path><path fill="#2d2d2d" d="M286 221l1 1-1-1z"></path><path fill="#9f9f9f" d="M287 221l1 1-1-1z"></path><path fill="#5b5b5b" d="M673 221l1 1-1-1z"></path><path fill="#2d2d2d" d="M796 221l1 1-1-1z"></path><path fill="#9f9f9f" d="M162 222l1 1-1-1z"></path><path fill="#5b5b5b" d="M285 222l1 1-1-1z"></path><path fill="#9f9f9f" d="M672 222l1 1-1-1z"></path><path fill="#5b5b5b" d="M795 222l1 1-1-1z"></path><path fill="#2d2d2d" d="M162 223l1 1-1-1z"></path><path fill="#9f9f9f" d="M284 223l1 1-1-1z"></path><path fill="#2d2d2d" d="M672 223l1 1-1-1z"></path><path fill="#9f9f9f" d="M794 223l1 1-1-1z"></path><path fill="#5b5b5b" d="M161 224l1 1-1-1z"></path><path fill="#2d2d2d" d="M282 224l1 1-1-1z"></path><path fill="#9f9f9f" d="M283 224l1 1-1-1z"></path><path fill="#5b5b5b" d="M671 224l1 1-1-1z"></path><path fill="#2d2d2d" d="M792 224l1 1-1-1z"></path><path fill="#9f9f9f" d="M160 225l1 1-1-1z"></path><path fill="#5b5b5b" d="M281 225l1 1-1-1z"></path><path fill="#9f9f9f" d="M670 225l1 1-1-1z"></path><path fill="#5b5b5b" d="M791 225l1 1-1-1z"></path><path fill="#2d2d2d" d="M160 226l1 1-1-1z"></path><path fill="#9f9f9f" d="M280 226l1 1-1-1z"></path><path fill="#2d2d2d" d="M670 226l1 1-1-1z"></path><path fill="#9f9f9f" d="M790 226l1 1-1-1z"></path><path fill="#5b5b5b" d="M159 227l1 1-1-1z"></path><path fill="#9f9f9f" d="M279 227l1 1-1-1z"></path><path fill="#5b5b5b" d="M669 227l1 1-1-1z"></path><path fill="#9f9f9f" d="M789 227l1 1-1-1m-631 1l1 1-1-1z"></path><path fill="#2d2d2d" d="M277 228l1 1-1-1z"></path><path fill="#9f9f9f" d="M668 228l1 1-1-1z"></path><path fill="#2d2d2d" d="M787 228l1 1-1-1m-629 1l1 1-1-1m118 0l1 1-1-1m392 0l1 1-1-1m118 0l1 1-1-1z"></path><path fill="#9f9f9f" d="M157 230l1 1-1-1z"></path><path fill="#5b5b5b" d="M275 230l1 1-1-1z"></path><path fill="#9f9f9f" d="M667 230l1 1-1-1z"></path><path fill="#5b5b5b" d="M785 230l1 1-1-1z"></path><path fill="#9f9f9f" d="M274 231l1 1-1-1m510 0l1 1-1-1z"></path><path fill="#2d2d2d" d="M156 232l1 1-1-1z"></path><path fill="#9f9f9f" d="M273 232l1 1-1-1z"></path><path fill="#2d2d2d" d="M666 232l1 1-1-1z"></path><path fill="#9f9f9f" d="M783 232l1 1-1-1m-628 1l1 1-1-1m510 0l1 1-1-1m117 0l1 1-1-1z"></path><path fill="#2d2d2d" d="M270 234l1 1-1-1z"></path><path fill="#9f9f9f" d="M271 234l1 1-1-1z"></path><path fill="#2d2d2d" d="M780 234l1 1-1-1z"></path><path fill="#5b5b5b" d="M154 235l1 1-1-1z"></path><path fill="#2d2d2d" d="M269 235l1 1-1-1z"></path><path fill="#5b5b5b" d="M664 235l1 1-1-1z"></path><path fill="#2d2d2d" d="M779 235l1 1-1-1z"></path><path fill="#9f9f9f" d="M153 236l1 1-1-1z"></path><path fill="#2d2d2d" d="M268 236l1 1-1-1z"></path><path fill="#9f9f9f" d="M663 236l1 1-1-1z"></path><path fill="#2d2d2d" d="M778 236l1 1-1-1m-625 1l1 1-1-1z"></path><path fill="#5b5b5b" d="M267 237l1 1-1-1z"></path><path fill="#2d2d2d" d="M663 237l1 1-1-1z"></path><path fill="#5b5b5b" d="M777 237l1 1-1-1z"></path><path fill="#9f9f9f" d="M152 238l1 1-1-1z"></path><path fill="#5b5b5b" d="M266 238l1 1-1-1z"></path><path fill="#9f9f9f" d="M662 238l1 1-1-1z"></path><path fill="#5b5b5b" d="M776 238l1 1-1-1m-511 1l1 1-1-1m510 0l1 1-1-1m-624 1l1 1-1-1m113 0l1 1-1-1m397 0l1 1-1-1m113 0l1 1-1-1m-511 1l1 1-1-1m510 0l1 1-1-1z"></path><path fill="#2d2d2d" d="M150 242l1 1-1-1z"></path><path fill="#5b5b5b" d="M262 242l1 1-1-1z"></path><path fill="#2d2d2d" d="M660 242l1 1-1-1z"></path><path fill="#5b5b5b" d="M772 242l1 1-1-1z"></path><path fill="#9f9f9f" d="M149 243l1 1-1-1z"></path><path fill="#5b5b5b" d="M261 243l1 1-1-1z"></path><path fill="#9f9f9f" d="M659 243l1 1-1-1z"></path><path fill="#5b5b5b" d="M771 243l1 1-1-1z"></path><path fill="#2d2d2d" d="M149 244l1 1-1-1z"></path><path fill="#5b5b5b" d="M260 244l1 1-1-1z"></path><path fill="#2d2d2d" d="M659 244l1 1-1-1z"></path><path fill="#5b5b5b" d="M770 244l1 1-1-1z"></path><path fill="#9f9f9f" d="M148 245l1 1-1-1z"></path><path fill="#5b5b5b" d="M259 245l1 1-1-1z"></path><path fill="#9f9f9f" d="M658 245l1 1-1-1z"></path><path fill="#5b5b5b" d="M769 245l1 1-1-1m-511 1l1 1-1-1m510 0l1 1-1-1z"></path><path fill="#9f9f9f" d="M147 247l1 1-1-1z"></path><path fill="#5b5b5b" d="M257 247l1 1-1-1z"></path><path fill="#9f9f9f" d="M657 247l1 1-1-1z"></path><path fill="#5b5b5b" d="M767 247l1 1-1-1z"></path><path fill="#2d2d2d" d="M256 248l1 1-1-1m510 0l1 1-1-1z"></path><path fill="#5b5b5b" d="M146 249l1 1-1-1z"></path><path fill="#2d2d2d" d="M255 249l1 1-1-1z"></path><path fill="#5b5b5b" d="M656 249l1 1-1-1z"></path><path fill="#2d2d2d" d="M765 249l1 1-1-1m-511 1l1 1-1-1m510 0l1 1-1-1z"></path><path fill="#5b5b5b" d="M145 251l1 1-1-1z"></path><path fill="#9f9f9f" d="M254 251l1 1-1-1z"></path><path fill="#5b5b5b" d="M655 251l1 1-1-1z"></path><path fill="#2d2d2d" d="M144 253l1 1-1-1z"></path><path fill="#9f9f9f" d="M252 253l1 1-1-1z"></path><path fill="#2d2d2d" d="M654 253l1 1-1-1z"></path><path fill="#9f9f9f" d="M762 253l1 1-1-1m-619 1l1 1-1-1m108 0l1 1-1-1m402 0l1 1-1-1m108 0l1 1-1-1z"></path><path fill="#2d2d2d" d="M143 255l1 1-1-1z"></path><path fill="#5b5b5b" d="M250 255l1 1-1-1z"></path><path fill="#2d2d2d" d="M653 255l1 1-1-1z"></path><path fill="#5b5b5b" d="M760 255l1 1-1-1z"></path><path fill="#9f9f9f" d="M142 256l1 1-1-1z"></path><path fill="#2d2d2d" d="M249 256l1 1-1-1z"></path><path fill="#9f9f9f" d="M652 256l1 1-1-1z"></path><path fill="#2d2d2d" d="M759 256l1 1-1-1m-617 1l1 1-1-1m106 0l1 1-1-1m404 0l1 1-1-1m106 0l1 1-1-1z"></path><path fill="#9f9f9f" d="M141 258l1 1-1-1m510 0l1 1-1-1z"></path><path fill="#2d2d2d" d="M141 259l1 1-1-1z"></path><path fill="#9f9f9f" d="M247 259l1 1-1-1z"></path><path fill="#2d2d2d" d="M651 259l1 1-1-1z"></path><path fill="#9f9f9f" d="M757 259l1 1-1-1m-617 1l1 1-1-1m106 0l1 1-1-1m404 0l1 1-1-1m106 0l1 1-1-1z"></path><path fill="#5b5b5b" d="M140 261l1 1-1-1m105 0l1 1-1-1m405 0l1 1-1-1m105 0l1 1-1-1z"></path><path fill="#2d2d2d" d="M244 262l1 1-1-1m510 0l1 1-1-1z"></path><path fill="#5b5b5b" d="M139 263l1 1-1-1m510 0l1 1-1-1z"></path><path fill="#9f9f9f" d="M754 263l1 1-1-1m-511 1l1 1-1-1m510 0l1 1-1-1m-615 1l1 1-1-1z"></path><path fill="#5b5b5b" d="M242 265l1 1-1-1z"></path><path fill="#9f9f9f" d="M648 265l1 1-1-1z"></path><path fill="#5b5b5b" d="M752 265l1 1-1-1z"></path><path fill="#2d2d2d" d="M241 266l1 1-1-1m510 0l1 1-1-1z"></path><path fill="#9f9f9f" d="M137 267l1 1-1-1m510 0l1 1-1-1z"></path><path fill="#2d2d2d" d="M137 268l1 1-1-1z"></path><path fill="#9f9f9f" d="M240 268l1 1-1-1z"></path><path fill="#2d2d2d" d="M647 268l1 1-1-1z"></path><path fill="#9f9f9f" d="M750 268l1 1-1-1m-614 1l1 1-1-1z"></path><path fill="#5b5b5b" d="M239 269l1 1-1-1z"></path><path fill="#9f9f9f" d="M646 269l1 1-1-1z"></path><path fill="#5b5b5b" d="M749 269l1 1-1-1z"></path><path fill="#2d2d2d" d="M136 270l1 1-1-1m510 0l1 1-1-1z"></path><path fill="#9f9f9f" d="M135 271l1 1-1-1m103 0l1 1-1-1m407 0l1 1-1-1m103 0l1 1-1-1z"></path><path fill="#5b5b5b" d="M135 272l1 1-1-1m102 0l1 1-1-1m408 0l1 1-1-1m102 0l1 1-1-1z"></path><path fill="#2d2d2d" d="M236 273l1 1-1-1m510 0l1 1-1-1z"></path><path fill="#5b5b5b" d="M134 274l1 1-1-1z"></path><path fill="#9f9f9f" d="M236 274l1 1-1-1z"></path><path fill="#5b5b5b" d="M644 274l1 1-1-1z"></path><path fill="#9f9f9f" d="M746 274l1 1-1-1z"></path><path fill="#5b5b5b" d="M235 275l1 1-1-1m510 0l1 1-1-1z"></path><path fill="#9f9f9f" d="M133 276l1 1-1-1z"></path><path fill="#2d2d2d" d="M234 276l1 1-1-1z"></path><path fill="#9f9f9f" d="M643 276l1 1-1-1z"></path><path fill="#2d2d2d" d="M744 276l1 1-1-1m-611 1l1 1-1-1z"></path><path fill="#9f9f9f" d="M234 277l1 1-1-1z"></path><path fill="#2d2d2d" d="M643 277l1 1-1-1z"></path><path fill="#9f9f9f" d="M744 277l1 1-1-1z"></path><path fill="#5b5b5b" d="M233 278l1 1-1-1m510 0l1 1-1-1m-611 1l1 1-1-1m510 0l1 1-1-1z"></path><path fill="#9f9f9f" d="M232 280l1 1-1-1m510 0l1 1-1-1m-611 1l1 1-1-1z"></path><path fill="#2d2d2d" d="M231 281l1 1-1-1z"></path><path fill="#9f9f9f" d="M641 281l1 1-1-1z"></path><path fill="#2d2d2d" d="M741 281l1 1-1-1m-610 1l1 1-1-1z"></path><path fill="#9f9f9f" d="M231 282l1 1-1-1z"></path><path fill="#2d2d2d" d="M641 282l1 1-1-1z"></path><path fill="#5b5b5b" d="M230 283l1 1-1-1m510 0l1 1-1-1m-610 1l1 1-1-1m510 0l1 1-1-1z"></path><path fill="#2d2d2d" d="M130 285l1 1-1-1z"></path><path fill="#9f9f9f" d="M229 285l1 1-1-1z"></path><path fill="#2d2d2d" d="M640 285l1 1-1-1z"></path><path fill="#9f9f9f" d="M739 285l1 1-1-1m-610 1l1 1-1-1z"></path><path fill="#2d2d2d" d="M228 286l1 1-1-1z"></path><path fill="#9f9f9f" d="M639 286l1 1-1-1z"></path><path fill="#2d2d2d" d="M738 286l1 1-1-1z"></path><path fill="#5b5b5b" d="M129 287l1 1-1-1z"></path><path fill="#9f9f9f" d="M228 287l1 1-1-1z"></path><path fill="#5b5b5b" d="M639 287l1 1-1-1z"></path><path fill="#9f9f9f" d="M738 287l1 1-1-1z"></path><path fill="#5b5b5b" d="M227 288l1 1-1-1m510 0l1 1-1-1z"></path><path fill="#9f9f9f" d="M128 289l1 1-1-1m510 0l1 1-1-1z"></path><path fill="#5b5b5b" d="M128 290l1 1-1-1m98 0l1 1-1-1m412 0l1 1-1-1m98 0l1 1-1-1z"></path><path fill="#9f9f9f" d="M127 292l1 1-1-1m98 0l1 1-1-1m412 0l1 1-1-1m98 0l1 1-1-1z"></path><path fill="#2d2d2d" d="M127 293l1 1-1-1m510 0l1 1-1-1z"></path><path fill="#9f9f9f" d="M224 294l1 1-1-1m510 0l1 1-1-1m-608 1l1 1-1-1z"></path><path fill="#2d2d2d" d="M223 295l1 1-1-1z"></path><path fill="#9f9f9f" d="M636 295l1 1-1-1z"></path><path fill="#2d2d2d" d="M733 295l1 1-1-1m-607 1l1 1-1-1z"></path><path fill="#9f9f9f" d="M223 296l1 1-1-1z"></path><path fill="#2d2d2d" d="M636 296l1 1-1-1z"></path><path fill="#9f9f9f" d="M733 296l1 1-1-1z"></path><path fill="#2d2d2d" d="M222 297l1 1-1-1m510 0l1 1-1-1z"></path><path fill="#9f9f9f" d="M125 298l1 1-1-1m97 0l1 1-1-1m413 0l1 1-1-1m97 0l1 1-1-1z"></path><path fill="#2d2d2d" d="M125 299l1 1-1-1m96 0l1 1-1-1m414 0l1 1-1-1m96 0l1 1-1-1z"></path><path fill="#9f9f9f" d="M221 300l1 1-1-1m510 0l1 1-1-1m-607 1l1 1-1-1m510 0l1 1-1-1z"></path><path fill="#5b5b5b" d="M124 302l1 1-1-1z"></path><path fill="#9f9f9f" d="M220 302l1 1-1-1z"></path><path fill="#5b5b5b" d="M634 302l1 1-1-1z"></path><path fill="#9f9f9f" d="M730 302l1 1-1-1m-607 2l1 1-1-1z"></path><path fill="#5b5b5b" d="M219 304l1 1-1-1z"></path><path fill="#9f9f9f" d="M633 304l1 1-1-1z"></path><path fill="#5b5b5b" d="M729 304l1 1-1-1m-606 1l1 1-1-1m510 0l1 1-1-1m-415 1l1 1-1-1m510 0l1 1-1-1z"></path><path fill="#9f9f9f" d="M122.333 307.667l.334.666-.334-.666M218 307l1 1-1-1m414.333.667l.334.666-.334-.666M728 307l1 1-1-1z"></path><path fill="#2d2d2d" d="M217 308l1 1-1-1m510 0l1 1-1-1m-605 1l1 1-1-1z"></path><path fill="#9f9f9f" d="M217 309l1 1-1-1z"></path><path fill="#2d2d2d" d="M632 309l1 1-1-1z"></path><path fill="#9f9f9f" d="M727 309l1 1-1-1m-606 2l1 1-1-1z"></path><path fill="#5b5b5b" d="M216 311l1 1-1-1z"></path><path fill="#9f9f9f" d="M631 311l1 1-1-1z"></path><path fill="#5b5b5b" d="M726 311l1 1-1-1m-605 1l1 1-1-1m510 0l1 1-1-1z"></path><path fill="#2d2d2d" d="M121 313l1 1-1-1m94 0l1 1-1-1m416 0l1 1-1-1m94 0l1 1-1-1z"></path><path fill="#9f9f9f" d="M215 314l1 1-1-1m510 0l1 1-1-1m-605 1l1 1-1-1m510 0l1 1-1-1z"></path><path fill="#5b5b5b" d="M120 316l1 1-1-1m94 0l1 1-1-1m416 0l1 1-1-1m94 0l1 1-1-1z"></path><path fill="#9f9f9f" d="M214 317l1 1-1-1m-94.667 1.667l.334.666-.334-.666z"></path><path fill="#2d2d2d" d="M213 318l1 1-1-1z"></path><path fill="#9f9f9f" d="M629.333 318.667l.334.666-.334-.666z"></path><path fill="#2d2d2d" d="M723 318l1 1-1-1z"></path><path fill="#9f9f9f" d="M213 319l1 1-1-1m510 0l1 1-1-1z"></path><path fill="#5b5b5b" d="M119 320l1 1-1-1m510 0l1 1-1-1z"></path><path fill="#2d2d2d" d="M119 321l1 1-1-1m93 0l1 1-1-1m417 0l1 1-1-1m93 0l1 1-1-1z"></path><path fill="#9f9f9f" d="M212 322l1 1-1-1m510 0l1 1-1-1m-604 1l1 1-1-1m510 0l1 1-1-1z"></path><path fill="#5b5b5b" d="M118 324l1 1-1-1z"></path><path fill="#2d2d2d" d="M211 324l1 1-1-1z"></path><path fill="#5b5b5b" d="M628 324l1 1-1-1z"></path><path fill="#2d2d2d" d="M721 324l1 1-1-1m-603 1l1 1-1-1z"></path><path fill="#9f9f9f" d="M211 325l1 1-1-1z"></path><path fill="#2d2d2d" d="M628 325l1 1-1-1z"></path><path fill="#9f9f9f" d="M721 325l1 1-1-1m-603.667 2.667l.334.666-.334-.666z"></path><path fill="#2d2d2d" d="M210 327l1 1-1-1z"></path><path fill="#9f9f9f" d="M627.333 327.667l.334.666-.334-.666z"></path><path fill="#2d2d2d" d="M720 327l1 1-1-1z"></path><path fill="#9f9f9f" d="M210 328l1 1-1-1m510 0l1 1-1-1z"></path><path fill="#5b5b5b" d="M117 329l1 1-1-1m510 0l1 1-1-1z"></path><path fill="#2d2d2d" d="M117 330l1 1-1-1m92 0l1 1-1-1m418 0l1 1-1-1m92 0l1 1-1-1z"></path><path fill="#5b5b5b" d="M209 331l1 1-1-1m510 0l1 1-1-1z"></path><path fill="#9f9f9f" d="M116.333 332.667l.334.666-.334-.666M209 332l1 1-1-1m417.333.667l.334.666-.334-.666M719 332l1 1-1-1z"></path><path fill="#5b5b5b" d="M116 334l1 1-1-1m92 0l1 1-1-1m418 0l1 1-1-1m92 0l1 1-1-1z"></path><path fill="#2d2d2d" d="M116 335l1 1-1-1z"></path><path fill="#9f9f9f" d="M208 335l1 1-1-1z"></path><path fill="#2d2d2d" d="M626 335l1 1-1-1z"></path><path fill="#9f9f9f" d="M718 335l1 1-1-1m-602.667 2.667l.334.666-.334-.666z"></path><path fill="#2d2d2d" d="M207 337l1 1-1-1z"></path><path fill="#9f9f9f" d="M625.333 337.667l.334.666-.334-.666z"></path><path fill="#2d2d2d" d="M717 337l1 1-1-1z"></path><path fill="#5b5b5b" d="M207 338l1 1-1-1m510 0l1 1-1-1m-602 1l1 1-1-1z"></path><path fill="#9f9f9f" d="M207 339l1 1-1-1z"></path><path fill="#5b5b5b" d="M625 339l1 1-1-1z"></path><path fill="#9f9f9f" d="M717 339l1 1-1-1z"></path><path fill="#2d2d2d" d="M115 340l1 1-1-1m510 0l1 1-1-1m-419 1l1 1-1-1m510 0l1 1-1-1z"></path><path fill="#5b5b5b" d="M206 342l1 1-1-1m510 0l1 1-1-1z"></path><path fill="#9f9f9f" d="M114 343v3h1l-1-3m92 0l1 1-1-1m418 0v3h1l-1-3m92 0l1 1-1-1z"></path><path fill="#2d2d2d" d="M114.333 346.667l.334.666-.334-.666M205 346l1 1-1-1m419.333.667l.334.666-.334-.666z"></path><path fill="#9f9f9f" d="M205.333 347.667l.334.666-.334-.666M113 350v3h1l-1-3m510 0v3h1l-1-3z"></path><path fill="#2d2d2d" d="M204 351l1 1-1-1z"></path><path fill="#9f9f9f" d="M204.333 352.667l.334.666-.334-.666z"></path><path fill="#2d2d2d" d="M113.333 353.667l.334.666-.334-.666m510 0l.334.666-.334-.666M203 356l1 1-1-1z"></path><path fill="#5b5b5b" d="M203 357l1 1-1-1z"></path><path fill="#9f9f9f" d="M112 358v4h1l-1-4m91 0v3h1l-1-3m419 0v4h1l-1-4z"></path><path fill="#5b5b5b" d="M112 362l1 1-1-1m510 0l1 1-1-1z"></path><path fill="#2d2d2d" d="M112.333 363.667l.334.666-.334-.666M202 363l1 1-1-1m420.333.667l.334.666-.334-.666z"></path><path fill="#5b5b5b" d="M202 364l1 1-1-1z"></path><path fill="#9f9f9f" d="M202 365v4h1l-1-4m-91 3v8h1l-1-8m510 0v8h1l-1-8z"></path><path fill="#2d2d2d" d="M201.333 372.667l.334.666-.334-.666z"></path><path fill="#5b5b5b" d="M201 374l1 1-1-1z"></path><path fill="#9f9f9f" d="M201 375v9h1l-1-9z"></path><path fill="#2d2d2d" d="M111 376v7h1l-1-7m510 0v7h1l-1-7z"></path><path fill="#9f9f9f" d="M201 398v9h1l-1-9z"></path><path fill="#2d2d2d" d="M111 399v7h1l-1-7m510 0v7h1l-1-7z"></path><path fill="#9f9f9f" d="M111 406v8h1l-1-8m510 0v8h1l-1-8z"></path><path fill="#5b5b5b" d="M201 407l1 1-1-1z"></path><path fill="#2d2d2d" d="M201.333 408.667l.334.666-.334-.666z"></path><path fill="#9f9f9f" d="M202 413v4h1l-1-4z"></path><path fill="#2d2d2d" d="M112.333 417.667l.334.666-.334-.666z"></path><path fill="#5b5b5b" d="M202 417l1 1-1-1z"></path><path fill="#2d2d2d" d="M622.333 417.667l.334.666-.334-.666M202 418l1 1-1-1z"></path><path fill="#5b5b5b" d="M112 419l1 1-1-1m510 0l1 1-1-1z"></path><path fill="#9f9f9f" d="M112 420v4h1l-1-4m510 0v4h1l-1-4m-419 1v3h1l-1-3z"></path><path fill="#5b5b5b" d="M203 424l1 1-1-1z"></path><path fill="#2d2d2d" d="M203 425l1 1-1-1m-89.667 2.667l.334.666-.334-.666m510 0l.334.666-.334-.666z"></path><path fill="#9f9f9f" d="M204.333 428.667l.334.666-.334-.666M113 429v3h1l-1-3m510 0v3h1l-1-3z"></path><path fill="#2d2d2d" d="M204 430l1 1-1-1z"></path><path fill="#9f9f9f" d="M205.333 433.667l.334.666-.334-.666z"></path><path fill="#2d2d2d" d="M114.333 434.667l.334.666-.334-.666m510 0l.334.666-.334-.666M205 435l1 1-1-1z"></path><path fill="#9f9f9f" d="M114 436v3h1l-1-3m510 0v3h1l-1-3m-417.667 1.667l.334.666-.334-.666m510 0l.334.666-.334-.666z"></path><path fill="#5b5b5b" d="M206 439l1 1-1-1m510 0l1 1-1-1z"></path><path fill="#2d2d2d" d="M206 440l1 1-1-1m510 0l1 1-1-1m-601 1l1 1-1-1m510 0l1 1-1-1z"></path><path fill="#5b5b5b" d="M115 442l1 1-1-1z"></path><path fill="#9f9f9f" d="M207 442l1 1-1-1z"></path><path fill="#5b5b5b" d="M625 442l1 1-1-1z"></path><path fill="#9f9f9f" d="M717 442l1 1-1-1m-601.667 1.667l.334.666-.334-.666z"></path><path fill="#5b5b5b" d="M207 443l1 1-1-1z"></path><path fill="#9f9f9f" d="M625.333 443.667l.334.666-.334-.666z"></path><path fill="#5b5b5b" d="M717 443l1 1-1-1z"></path><path fill="#2d2d2d" d="M207 444l1 1-1-1m510 0l1 1-1-1m-601 2l1 1-1-1z"></path><path fill="#9f9f9f" d="M208 446l1 1-1-1z"></path><path fill="#2d2d2d" d="M626 446l1 1-1-1z"></path><path fill="#9f9f9f" d="M718 446l1 1-1-1z"></path><path fill="#5b5b5b" d="M116 447l1 1-1-1m92 0l1 1-1-1m418 0l1 1-1-1m92 0l1 1-1-1z"></path><path fill="#9f9f9f" d="M116.333 448.667l.334.666-.334-.666m510 0l.334.666-.334-.666M209 449l1 1-1-1m510 0l1 1-1-1z"></path><path fill="#5b5b5b" d="M209 450l1 1-1-1m510 0l1 1-1-1z"></path><path fill="#2d2d2d" d="M117 451l1 1-1-1m92 0l1 1-1-1m418 0l1 1-1-1m92 0l1 1-1-1z"></path><path fill="#5b5b5b" d="M117 452l1 1-1-1m510 0l1 1-1-1z"></path><path fill="#9f9f9f" d="M117.333 453.667l.334.666-.334-.666M210 453l1 1-1-1m417.333.667l.334.666-.334-.666M720 453l1 1-1-1z"></path><path fill="#2d2d2d" d="M210 454l1 1-1-1m510 0l1 1-1-1m-602 2l1 1-1-1z"></path><path fill="#9f9f9f" d="M211 456l1 1-1-1z"></path><path fill="#2d2d2d" d="M628 456l1 1-1-1z"></path><path fill="#9f9f9f" d="M721 456l1 1-1-1z"></path><path fill="#5b5b5b" d="M118 457l1 1-1-1z"></path><path fill="#2d2d2d" d="M211 457l1 1-1-1z"></path><path fill="#5b5b5b" d="M628 457l1 1-1-1z"></path><path fill="#2d2d2d" d="M721 457l1 1-1-1z"></path><path fill="#9f9f9f" d="M118 458l1 1-1-1m510 0l1 1-1-1m-416 1l1 1-1-1m510 0l1 1-1-1z"></path><path fill="#2d2d2d" d="M119 460l1 1-1-1m93 0l1 1-1-1m417 0l1 1-1-1m93 0l1 1-1-1z"></path><path fill="#5b5b5b" d="M119 461l1 1-1-1m510 0l1 1-1-1z"></path><path fill="#9f9f9f" d="M119 462l1 1-1-1m94 0l1 1-1-1m416 0l1 1-1-1m94 0l1 1-1-1z"></path><path fill="#2d2d2d" d="M213 463l1 1-1-1m510 0l1 1-1-1z"></path><path fill="#9f9f9f" d="M214 464l1 1-1-1m510 0l1 1-1-1z"></path><path fill="#5b5b5b" d="M120 465l1 1-1-1m94 0l1 1-1-1m416 0l1 1-1-1m94 0l1 1-1-1z"></path><path fill="#9f9f9f" d="M120 466l1 1-1-1m510 0l1 1-1-1m-415 1l1 1-1-1m510 0l1 1-1-1z"></path><path fill="#2d2d2d" d="M121 468l1 1-1-1m94 0l1 1-1-1m416 0l1 1-1-1m94 0l1 1-1-1z"></path><path fill="#5b5b5b" d="M121 469l1 1-1-1z"></path><path fill="#9f9f9f" d="M216 469l1 1-1-1z"></path><path fill="#5b5b5b" d="M631 469l1 1-1-1z"></path><path fill="#9f9f9f" d="M121 470l1 1-1-1z"></path><path fill="#5b5b5b" d="M216 470l1 1-1-1z"></path><path fill="#9f9f9f" d="M631 470l1 1-1-1z"></path><path fill="#5b5b5b" d="M726 470l1 1-1-1z"></path><path fill="#2d2d2d" d="M122 472l1 1-1-1z"></path><path fill="#9f9f9f" d="M217 472l1 1-1-1z"></path><path fill="#2d2d2d" d="M632 472l1 1-1-1z"></path><path fill="#9f9f9f" d="M727 472l1 1-1-1m-605 1l1 1-1-1z"></path><path fill="#2d2d2d" d="M217 473l1 1-1-1z"></path><path fill="#9f9f9f" d="M632 473l1 1-1-1z"></path><path fill="#2d2d2d" d="M727 473l1 1-1-1z"></path><path fill="#9f9f9f" d="M218 474l1 1-1-1m510 0l1 1-1-1z"></path><path fill="#5b5b5b" d="M218 475l1 1-1-1m510 0l1 1-1-1m-605 1l1 1-1-1m510 0l1 1-1-1z"></path><path fill="#9f9f9f" d="M123 477l1 1-1-1z"></path><path fill="#5b5b5b" d="M219 477l1 1-1-1z"></path><path fill="#9f9f9f" d="M633 477l1 1-1-1z"></path><path fill="#5b5b5b" d="M729 477l1 1-1-1m-605 2l1 1-1-1z"></path><path fill="#9f9f9f" d="M220 479l1 1-1-1z"></path><path fill="#5b5b5b" d="M634 479l1 1-1-1z"></path><path fill="#9f9f9f" d="M730 479l1 1-1-1m-606 1l1 1-1-1m510 0l1 1-1-1m-413 1l1 1-1-1m510 0l1 1-1-1z"></path><path fill="#2d2d2d" d="M125 482l1 1-1-1m96 0l1 1-1-1m414 0l1 1-1-1m96 0l1 1-1-1z"></path><path fill="#9f9f9f" d="M125 483l1 1-1-1m97 0l1 1-1-1m413 0l1 1-1-1m97 0l1 1-1-1z"></path><path fill="#2d2d2d" d="M222 484l1 1-1-1m510 0l1 1-1-1m-606 1l1 1-1-1z"></path><path fill="#9f9f9f" d="M223 485l1 1-1-1z"></path><path fill="#2d2d2d" d="M636 485l1 1-1-1z"></path><path fill="#9f9f9f" d="M733 485l1 1-1-1m-607 1l1 1-1-1z"></path><path fill="#2d2d2d" d="M223 486l1 1-1-1z"></path><path fill="#9f9f9f" d="M636 486l1 1-1-1z"></path><path fill="#2d2d2d" d="M733 486l1 1-1-1z"></path><path fill="#9f9f9f" d="M224 487l1 1-1-1m510 0l1 1-1-1z"></path><path fill="#2d2d2d" d="M127 488l1 1-1-1m510 0l1 1-1-1z"></path><path fill="#9f9f9f" d="M127 489l1 1-1-1m98 0l1 1-1-1m412 0l1 1-1-1m98 0l1 1-1-1z"></path><path fill="#5b5b5b" d="M128 491l1 1-1-1m98 0l1 1-1-1m412 0l1 1-1-1m98 0l1 1-1-1z"></path><path fill="#9f9f9f" d="M128 492l1 1-1-1m510 0l1 1-1-1z"></path><path fill="#5b5b5b" d="M227 493l1 1-1-1m510 0l1 1-1-1m-608 1l1 1-1-1z"></path><path fill="#9f9f9f" d="M228 494l1 1-1-1z"></path><path fill="#5b5b5b" d="M639 494l1 1-1-1z"></path><path fill="#9f9f9f" d="M738 494l1 1-1-1m-609 1l1 1-1-1z"></path><path fill="#2d2d2d" d="M228 495l1 1-1-1z"></path><path fill="#9f9f9f" d="M639 495l1 1-1-1z"></path><path fill="#2d2d2d" d="M738 495l1 1-1-1m-608 1l1 1-1-1z"></path><path fill="#9f9f9f" d="M229 496l1 1-1-1z"></path><path fill="#2d2d2d" d="M640 496l1 1-1-1z"></path><path fill="#9f9f9f" d="M739 496l1 1-1-1z"></path><path fill="#5b5b5b" d="M130 497l1 1-1-1m510 0l1 1-1-1m-410 1l1 1-1-1m510 0l1 1-1-1z"></path><path fill="#2d2d2d" d="M131 499l1 1-1-1z"></path><path fill="#9f9f9f" d="M231 499l1 1-1-1z"></path><path fill="#2d2d2d" d="M641 499l1 1-1-1z"></path><path fill="#9f9f9f" d="M741 499l1 1-1-1m-610 1l1 1-1-1z"></path><path fill="#2d2d2d" d="M231 500l1 1-1-1z"></path><path fill="#9f9f9f" d="M641 500l1 1-1-1z"></path><path fill="#2d2d2d" d="M741 500l1 1-1-1z"></path><path fill="#9f9f9f" d="M232 501l1 1-1-1m510 0l1 1-1-1z"></path><path fill="#5b5b5b" d="M132 502l1 1-1-1m510 0l1 1-1-1m-409 1l1 1-1-1m510 0l1 1-1-1z"></path><path fill="#2d2d2d" d="M133 504l1 1-1-1z"></path><path fill="#9f9f9f" d="M234 504l1 1-1-1z"></path><path fill="#2d2d2d" d="M643 504l1 1-1-1z"></path><path fill="#9f9f9f" d="M744 504l1 1-1-1m-611 1l1 1-1-1z"></path><path fill="#2d2d2d" d="M234 505l1 1-1-1z"></path><path fill="#9f9f9f" d="M643 505l1 1-1-1z"></path><path fill="#2d2d2d" d="M744 505l1 1-1-1z"></path><path fill="#5b5b5b" d="M235 506l1 1-1-1m510 0l1 1-1-1m-611 1l1 1-1-1z"></path><path fill="#9f9f9f" d="M236 507l1 1-1-1z"></path><path fill="#5b5b5b" d="M644 507l1 1-1-1z"></path><path fill="#9f9f9f" d="M746 507l1 1-1-1z"></path><path fill="#2d2d2d" d="M236 508l1 1-1-1m510 0l1 1-1-1z"></path><path fill="#5b5b5b" d="M135 509l1 1-1-1m102 0l1 1-1-1m408 0l1 1-1-1m102 0l1 1-1-1z"></path><path fill="#9f9f9f" d="M135 510l1 1-1-1m103 0l1 1-1-1m407 0l1 1-1-1m103 0l1 1-1-1z"></path><path fill="#2d2d2d" d="M136 511l1 1-1-1m510 0l1 1-1-1z"></path><path fill="#9f9f9f" d="M136 512l1 1-1-1z"></path><path fill="#5b5b5b" d="M239 512l1 1-1-1z"></path><path fill="#9f9f9f" d="M646 512l1 1-1-1z"></path><path fill="#5b5b5b" d="M749 512l1 1-1-1z"></path><path fill="#2d2d2d" d="M137 513l1 1-1-1z"></path><path fill="#9f9f9f" d="M240 513l1 1-1-1z"></path><path fill="#2d2d2d" d="M647 513l1 1-1-1z"></path><path fill="#9f9f9f" d="M750 513l1 1-1-1m-613 1l1 1-1-1m104 0l1 1-1-1m406 0l1 1-1-1m104 0l1 1-1-1z"></path><path fill="#2d2d2d" d="M241 515l1 1-1-1m510 0l1 1-1-1z"></path><path fill="#9f9f9f" d="M138 516l1 1-1-1z"></path><path fill="#5b5b5b" d="M242 516l1 1-1-1z"></path><path fill="#9f9f9f" d="M648 516l1 1-1-1z"></path><path fill="#5b5b5b" d="M752 516l1 1-1-1z"></path><path fill="#9f9f9f" d="M243 517l1 1-1-1m510 0l1 1-1-1z"></path><path fill="#5b5b5b" d="M139 518l1 1-1-1z"></path><path fill="#9f9f9f" d="M244 518l1 1-1-1z"></path><path fill="#5b5b5b" d="M649 518l1 1-1-1z"></path><path fill="#9f9f9f" d="M754 518l1 1-1-1z"></path><path fill="#2d2d2d" d="M244 519l1 1-1-1m510 0l1 1-1-1z"></path><path fill="#5b5b5b" d="M140 520l1 1-1-1m105 0l1 1-1-1m405 0l1 1-1-1m105 0l1 1-1-1z"></path><path fill="#9f9f9f" d="M140 521l1 1-1-1m106 0l1 1-1-1m404 0l1 1-1-1m106 0l1 1-1-1z"></path><path fill="#2d2d2d" d="M141 522l1 1-1-1z"></path><path fill="#9f9f9f" d="M247 522l1 1-1-1z"></path><path fill="#2d2d2d" d="M651 522l1 1-1-1z"></path><path fill="#9f9f9f" d="M757 522l1 1-1-1m-616 1l1 1-1-1m107 0l1 1-1-1m403 0l1 1-1-1m107 0l1 1-1-1z"></path><path fill="#2d2d2d" d="M142 524l1 1-1-1m106 0l1 1-1-1m404 0l1 1-1-1m106 0l1 1-1-1z"></path><path fill="#9f9f9f" d="M142 525l1 1-1-1z"></path><path fill="#2d2d2d" d="M249 525l1 1-1-1z"></path><path fill="#9f9f9f" d="M652 525l1 1-1-1z"></path><path fill="#2d2d2d" d="M759 525l1 1-1-1m-616 1l1 1-1-1z"></path><path fill="#5b5b5b" d="M250 526l1 1-1-1z"></path><path fill="#2d2d2d" d="M653 526l1 1-1-1z"></path><path fill="#5b5b5b" d="M760 526l1 1-1-1z"></path><path fill="#9f9f9f" d="M143 527l1 1-1-1m108 0l1 1-1-1m402 0l1 1-1-1m108 0l1 1-1-1z"></path><path fill="#2d2d2d" d="M144 528l1 1-1-1z"></path><path fill="#9f9f9f" d="M252 528l1 1-1-1z"></path><path fill="#2d2d2d" d="M654 528l1 1-1-1z"></path><path fill="#9f9f9f" d="M762 528l1 1-1-1m-509 1l1 1-1-1m510 0l1 1-1-1z"></path><path fill="#5b5b5b" d="M145 530l1 1-1-1z"></path><path fill="#9f9f9f" d="M254 530l1 1-1-1z"></path><path fill="#5b5b5b" d="M655 530l1 1-1-1z"></path><path fill="#9f9f9f" d="M764 530l1 1-1-1z"></path><path fill="#2d2d2d" d="M254 531l1 1-1-1m510 0l1 1-1-1z"></path><path fill="#5b5b5b" d="M146 532l1 1-1-1z"></path><path fill="#2d2d2d" d="M255 532l1 1-1-1z"></path><path fill="#5b5b5b" d="M656 532l1 1-1-1z"></path><path fill="#2d2d2d" d="M765 532l1 1-1-1m-509 1l1 1-1-1m510 0l1 1-1-1z"></path><path fill="#9f9f9f" d="M147 534l1 1-1-1z"></path><path fill="#5b5b5b" d="M257 534l1 1-1-1z"></path><path fill="#9f9f9f" d="M657 534l1 1-1-1z"></path><path fill="#5b5b5b" d="M767 534l1 1-1-1m-509 1l1 1-1-1m510 0l1 1-1-1z"></path><path fill="#9f9f9f" d="M148 536l1 1-1-1z"></path><path fill="#5b5b5b" d="M259 536l1 1-1-1z"></path><path fill="#9f9f9f" d="M658 536l1 1-1-1z"></path><path fill="#5b5b5b" d="M769 536l1 1-1-1z"></path><path fill="#2d2d2d" d="M149 537l1 1-1-1z"></path><path fill="#5b5b5b" d="M260 537l1 1-1-1z"></path><path fill="#2d2d2d" d="M659 537l1 1-1-1z"></path><path fill="#5b5b5b" d="M770 537l1 1-1-1z"></path><path fill="#9f9f9f" d="M149 538l1 1-1-1z"></path><path fill="#5b5b5b" d="M261 538l1 1-1-1z"></path><path fill="#9f9f9f" d="M659 538l1 1-1-1z"></path><path fill="#5b5b5b" d="M771 538l1 1-1-1z"></path><path fill="#2d2d2d" d="M150 539l1 1-1-1z"></path><path fill="#5b5b5b" d="M262 539l1 1-1-1z"></path><path fill="#2d2d2d" d="M660 539l1 1-1-1z"></path><path fill="#5b5b5b" d="M772 539l1 1-1-1m-509 1l1 1-1-1m510 0l1 1-1-1m-622 1l1 1-1-1m113 0l1 1-1-1m397 0l1 1-1-1m113 0l1 1-1-1m-509 1l1 1-1-1m510 0l1 1-1-1z"></path><path fill="#9f9f9f" d="M152 543l1 1-1-1z"></path><path fill="#5b5b5b" d="M266 543l1 1-1-1z"></path><path fill="#9f9f9f" d="M662 543l1 1-1-1z"></path><path fill="#5b5b5b" d="M776 543l1 1-1-1z"></path><path fill="#2d2d2d" d="M153 544l1 1-1-1z"></path><path fill="#5b5b5b" d="M267 544l1 1-1-1z"></path><path fill="#2d2d2d" d="M663 544l1 1-1-1z"></path><path fill="#5b5b5b" d="M777 544l1 1-1-1z"></path><path fill="#2d2d2d" d="M268 545l1 1-1-1m510 0l1 1-1-1z"></path><path fill="#5b5b5b" d="M154 546l1 1-1-1z"></path><path fill="#2d2d2d" d="M269 546l1 1-1-1z"></path><path fill="#5b5b5b" d="M664 546l1 1-1-1z"></path><path fill="#2d2d2d" d="M779 546l1 1-1-1m-509 1l1 1-1-1z"></path><path fill="#9f9f9f" d="M271 547l1 1-1-1z"></path><path fill="#2d2d2d" d="M780 547l1 1-1-1z"></path><path fill="#9f9f9f" d="M155 548l1 1-1-1m117 0l1 1-1-1m393 0l1 1-1-1m117 0l1 1-1-1z"></path><path fill="#2d2d2d" d="M156 549l1 1-1-1z"></path><path fill="#9f9f9f" d="M273 549l1 1-1-1z"></path><path fill="#2d2d2d" d="M666 549l1 1-1-1z"></path><path fill="#9f9f9f" d="M783 549l1 1-1-1m-509 1l1 1-1-1m510 0l1 1-1-1m-627 1l1 1-1-1z"></path><path fill="#5b5b5b" d="M275 551l1 1-1-1z"></path><path fill="#9f9f9f" d="M667 551l1 1-1-1z"></path><path fill="#5b5b5b" d="M785 551l1 1-1-1z"></path><path fill="#2d2d2d" d="M158 552l1 1-1-1m118 0l1 1-1-1m392 0l1 1-1-1m118 0l1 1-1-1z"></path><path fill="#9f9f9f" d="M158 553l1 1-1-1z"></path><path fill="#2d2d2d" d="M277 553l1 1-1-1z"></path><path fill="#9f9f9f" d="M278 553l1 1-1-1m390 0l1 1-1-1z"></path><path fill="#2d2d2d" d="M787 553l1 1-1-1z"></path><path fill="#9f9f9f" d="M788 553l1 1-1-1z"></path><path fill="#5b5b5b" d="M159 554l1 1-1-1z"></path><path fill="#9f9f9f" d="M279 554l1 1-1-1z"></path><path fill="#5b5b5b" d="M669 554l1 1-1-1z"></path><path fill="#9f9f9f" d="M789 554l1 1-1-1z"></path><path fill="#2d2d2d" d="M160 555l1 1-1-1z"></path><path fill="#9f9f9f" d="M280 555l1 1-1-1z"></path><path fill="#2d2d2d" d="M670 555l1 1-1-1z"></path><path fill="#9f9f9f" d="M790 555l1 1-1-1m-630 1l1 1-1-1z"></path><path fill="#5b5b5b" d="M281 556l1 1-1-1z"></path><path fill="#9f9f9f" d="M670 556l1 1-1-1z"></path><path fill="#5b5b5b" d="M791 556l1 1-1-1m-630 1l1 1-1-1z"></path><path fill="#2d2d2d" d="M282 557l1 1-1-1z"></path><path fill="#9f9f9f" d="M283 557l1 1-1-1z"></path><path fill="#5b5b5b" d="M671 557l1 1-1-1z"></path><path fill="#2d2d2d" d="M792 557l1 1-1-1z"></path><path fill="#9f9f9f" d="M793 557l1 1-1-1z"></path><path fill="#2d2d2d" d="M162 558l1 1-1-1z"></path><path fill="#9f9f9f" d="M284 558l1 1-1-1z"></path><path fill="#2d2d2d" d="M672 558l1 1-1-1z"></path><path fill="#9f9f9f" d="M794 558l1 1-1-1m-632 1l1 1-1-1z"></path><path fill="#5b5b5b" d="M285 559l1 1-1-1z"></path><path fill="#9f9f9f" d="M672 559l1 1-1-1z"></path><path fill="#5b5b5b" d="M795 559l1 1-1-1m-632 1l1 1-1-1z"></path><path fill="#2d2d2d" d="M286 560l1 1-1-1z"></path><path fill="#9f9f9f" d="M287 560l1 1-1-1z"></path><path fill="#5b5b5b" d="M673 560l1 1-1-1z"></path><path fill="#2d2d2d" d="M796 560l1 1-1-1z"></path><path fill="#9f9f9f" d="M797 560l1 1-1-1z"></path><path fill="#2d2d2d" d="M164 561l1 1-1-1z"></path><path fill="#9f9f9f" d="M288 561l1 1-1-1z"></path><path fill="#2d2d2d" d="M674 561l1 1-1-1z"></path><path fill="#9f9f9f" d="M798 561l1 1-1-1m-634 1l1 1-1-1z"></path><path fill="#5b5b5b" d="M289 562l1 1-1-1m510 0l1 1-1-1z"></path><path fill="#9f9f9f" d="M165 563l1 1-1-1m126 0l1 1-1-1m384 0l1 1-1-1m126 0l1 1-1-1z"></path><path fill="#2d2d2d" d="M166 564l1 1-1-1z"></path><path fill="#5b5b5b" d="M292 564l1 1-1-1z"></path><path fill="#2d2d2d" d="M676 564l1 1-1-1z"></path><path fill="#5b5b5b" d="M802 564l1 1-1-1z"></path><path fill="#2d2d2d" d="M293 565l1 1-1-1z"></path><path fill="#9f9f9f" d="M294 565l1 1-1-1z"></path><path fill="#2d2d2d" d="M803 565l1 1-1-1z"></path><path fill="#9f9f9f" d="M804 565l1 1-1-1m-637 1l1 1-1-1z"></path><path fill="#5b5b5b" d="M295 566l1 1-1-1z"></path><path fill="#9f9f9f" d="M677 566l1 1-1-1z"></path><path fill="#5b5b5b" d="M805 566l1 1-1-1m-637 1l1 1-1-1z"></path><path fill="#2d2d2d" d="M296 567l1 1-1-1z"></path><path fill="#9f9f9f" d="M297 567l1 1-1-1z"></path><path fill="#5b5b5b" d="M678 567l1 1-1-1z"></path><path fill="#2d2d2d" d="M806 567l1 1-1-1z"></path><path fill="#9f9f9f" d="M807 567l1 1-1-1z"></path><path fill="#2d2d2d" d="M169 568l1 1-1-1z"></path><path fill="#5b5b5b" d="M298 568l1 1-1-1z"></path><path fill="#2d2d2d" d="M679 568l1 1-1-1z"></path><path fill="#5b5b5b" d="M808 568l1 1-1-1z"></path><path fill="#9f9f9f" d="M169 569l1 1-1-1m131 0l1 1-1-1m510 0l1 1-1-1m-640 1l1 1-1-1z"></path><path fill="#2d2d2d" d="M301 570l1 1-1-1z"></path><path fill="#9f9f9f" d="M302 570l1 1-1-1m378 0l1 1-1-1z"></path><path fill="#2d2d2d" d="M811 570l1 1-1-1z"></path><path fill="#9f9f9f" d="M812 570l1 1-1-1z"></path><path fill="#5b5b5b" d="M171 571l1 1-1-1m132 0l1 1-1-1m378 0l1 1-1-1m132 0l1 1-1-1z"></path><path fill="#2d2d2d" d="M172 572l1 1-1-1z"></path><path fill="#9f9f9f" d="M305 572l1 1-1-1z"></path><path fill="#2d2d2d" d="M682 572l1 1-1-1z"></path><path fill="#9f9f9f" d="M815 572l1 1-1-1m-643 1l1 1-1-1z"></path><path fill="#2d2d2d" d="M306 573l1 1-1-1z"></path><path fill="#9f9f9f" d="M307 573l1 1-1-1m375 0l1 1-1-1z"></path><path fill="#2d2d2d" d="M816 573l1 1-1-1z"></path><path fill="#9f9f9f" d="M817 573l1 1-1-1m-644 1l1 1-1-1z"></path><path fill="#5b5b5b" d="M308 574l1 1-1-1z"></path><path fill="#9f9f9f" d="M683 574l1 1-1-1z"></path><path fill="#5b5b5b" d="M818 574l1 1-1-1m-644 1l1 1-1-1m136 0l1 1-1-1m374 0l1 1-1-1m136 0l1 1-1-1z"></path><path fill="#2d2d2d" d="M175 576l1 1-1-1z"></path><path fill="#9f9f9f" d="M312 576l1 1-1-1z"></path><path fill="#2d2d2d" d="M685 576l1 1-1-1z"></path><path fill="#9f9f9f" d="M822 576l1 1-1-1m-508 1l1 1-1-1m510 0l1 1-1-1z"></path><path fill="#2d2d2d" d="M315 578l1 1-1-1z"></path><path fill="#9f9f9f" d="M316 578l1 1-1-1z"></path><path fill="#2d2d2d" d="M825 578l1 1-1-1z"></path><path fill="#9f9f9f" d="M826 578l1 1-1-1m-649 1l1 1-1-1z"></path><path fill="#2d2d2d" d="M317 579l1 1-1-1z"></path><path fill="#9f9f9f" d="M318 579l1 1-1-1m369 0l1 1-1-1z"></path><path fill="#2d2d2d" d="M827 579l1 1-1-1z"></path><path fill="#9f9f9f" d="M828 579l1 1-1-1z"></path><path fill="#5b5b5b" d="M178 580l1 1-1-1z"></path><path fill="#2d2d2d" d="M319 580l1 1-1-1z"></path><path fill="#9f9f9f" d="M320 580l1 1-1-1z"></path><path fill="#5b5b5b" d="M688 580l1 1-1-1z"></path><path fill="#2d2d2d" d="M829 580l1 1-1-1z"></path><path fill="#9f9f9f" d="M830 580l1 1-1-1z"></path><path fill="#2d2d2d" d="M179 581l1 1-1-1z"></path><path fill="#9f9f9f" d="M322 581l1 1-1-1z"></path><path fill="#2d2d2d" d="M689 581l1 1-1-1z"></path><path fill="#9f9f9f" d="M832 581l1 1-1-1z"></path><path fill="#2d2d2d" d="M180 582l1 1-1-1z"></path><path fill="#5b5b5b" d="M324 582l1 1-1-1z"></path><path fill="#2d2d2d" d="M690 582l1 1-1-1z"></path><path fill="#5b5b5b" d="M834 582l1 1-1-1m-508 1l1 1-1-1z"></path><path fill="#9f9f9f" d="M327 583l1 1-1-1m363 0l1 1-1-1z"></path><path fill="#5b5b5b" d="M836 583l1 1-1-1z"></path><path fill="#9f9f9f" d="M837 583l1 1-1-1m-656 1l1 1-1-1z"></path><path fill="#2d2d2d" d="M328 584l1 1-1-1z"></path><path fill="#9f9f9f" d="M329 584l1 1-1-1m362 0l1 1-1-1z"></path><path fill="#2d2d2d" d="M838 584l1 1-1-1z"></path><path fill="#9f9f9f" d="M839 584l1 1-1-1m-657 1l1 1-1-1z"></path><path fill="#5b5b5b" d="M331 585l1 1-1-1z"></path><path fill="#9f9f9f" d="M332 585l1 1-1-1m360 0l1 1-1-1z"></path><path fill="#5b5b5b" d="M841 585l1 1-1-1m-658 1l1 1-1-1z"></path><path fill="#2d2d2d" d="M333 586l1 1-1-1z"></path><path fill="#9f9f9f" d="M334 586l1 1-1-1z"></path><path fill="#5b5b5b" d="M693 586l1 1-1-1z"></path><path fill="#2d2d2d" d="M843 586l1 1-1-1z"></path><path fill="#9f9f9f" d="M844 586l1 1-1-1z"></path><path fill="#5b5b5b" d="M184 587l1 1-1-1m152 0l1 1-1-1z"></path><path fill="#9f9f9f" d="M337 587l1 1-1-1z"></path><path fill="#5b5b5b" d="M694 587l1 1-1-1m152 0l1 1-1-1z"></path><path fill="#9f9f9f" d="M847 587l1 1-1-1z"></path><path fill="#2d2d2d" d="M185 588l1 1-1-1m153 0l1 1-1-1z"></path><path fill="#9f9f9f" d="M339 588l1 1-1-1z"></path><path fill="#2d2d2d" d="M695 588l1 1-1-1m153 0l1 1-1-1z"></path><path fill="#9f9f9f" d="M849 588l1 1-1-1z"></path><path fill="#2d2d2d" d="M186 589l1 1-1-1m155 0l1 1-1-1z"></path><path fill="#9f9f9f" d="M342 589l1 1-1-1z"></path><path fill="#2d2d2d" d="M696 589l1 1-1-1m155 0l1 1-1-1z"></path><path fill="#9f9f9f" d="M852 589l1 1-1-1z"></path><path fill="#2d2d2d" d="M344 590l1 1-1-1z"></path><path fill="#9f9f9f" d="M345 590l1 1-1-1z"></path><path fill="#2d2d2d" d="M854 590l1 1-1-1z"></path><path fill="#9f9f9f" d="M855 590l1 1-1-1m-668 1l1 1-1-1z"></path><path fill="#2d2d2d" d="M347 591l1 1-1-1z"></path><path fill="#9f9f9f" d="M348 591l1 1-1-1z"></path><path fill="#2d2d2d" d="M857 591l1 1-1-1z"></path><path fill="#9f9f9f" d="M858 591l1 1-1-1m-670 1l1 1-1-1z"></path><path fill="#2d2d2d" d="M350 592l1 1-1-1z"></path><path fill="#5b5b5b" d="M351 592l1 1-1-1z"></path><path fill="#9f9f9f" d="M352 592l1 1-1-1m346 0l1 1-1-1z"></path><path fill="#2d2d2d" d="M860 592l1 1-1-1z"></path><path fill="#5b5b5b" d="M861 592l1 1-1-1z"></path><path fill="#9f9f9f" d="M862 592l1 1-1-1m-673 1l1 1-1-1z"></path><path fill="#5b5b5b" d="M354 593l1 1-1-1z"></path><path fill="#9f9f9f" d="M355 593l1 1-1-1m344 0l1 1-1-1z"></path><path fill="#5b5b5b" d="M864 593l1 1-1-1z"></path><path fill="#9f9f9f" d="M865 593l1 1-1-1m-675 1l1 1-1-1z"></path><path fill="#2d2d2d" d="M357 594l1 1-1-1z"></path><path fill="#5b5b5b" d="M358 594l1 1-1-1z"></path><path fill="#9f9f9f" d="M359 594l1 1-1-1m341 0l1 1-1-1z"></path><path fill="#2d2d2d" d="M867 594l1 1-1-1z"></path><path fill="#5b5b5b" d="M868 594l1 1-1-1z"></path><path fill="#9f9f9f" d="M869 594l1 1-1-1m-678 1l1 1-1-1z"></path><path fill="#2d2d2d" d="M361 595l1 1-1-1z"></path><path fill="#5b5b5b" d="M362 595l1 1-1-1z"></path><path fill="#9f9f9f" d="M363.667 595.333l.666.334-.666-.334M701 595l1 1-1-1z"></path><path fill="#2d2d2d" d="M871 595l1 1-1-1z"></path><path fill="#5b5b5b" d="M872 595l1 1-1-1z"></path><path fill="#9f9f9f" d="M873.667 595.333l.666.334-.666-.334z"></path><path fill="#5b5b5b" d="M192 596l1 1-1-1z"></path><path fill="#2d2d2d" d="M366 596l1 1-1-1z"></path><path fill="#9f9f9f" d="M367.667 596.333l.666.334-.666-.334z"></path><path fill="#5b5b5b" d="M702 596l1 1-1-1z"></path><path fill="#2d2d2d" d="M876 596l1 1-1-1z"></path><path fill="#9f9f9f" d="M877.667 596.333l.666.334-.666-.334z"></path><path fill="#5b5b5b" d="M193 597l1 1-1-1z"></path><path fill="#2d2d2d" d="M371 597l1 1-1-1z"></path><path fill="#9f9f9f" d="M372.667 597.333l.666.334-.666-.334z"></path><path fill="#5b5b5b" d="M703 597l1 1-1-1z"></path><path fill="#2d2d2d" d="M881 597l1 1-1-1z"></path><path fill="#9f9f9f" d="M882 597v1h3l-3-1z"></path><path fill="#5b5b5b" d="M194 598l1 1-1-1z"></path><path fill="#2d2d2d" d="M376 598l1 1-1-1z"></path><path fill="#5b5b5b" d="M377 598l1 1-1-1z"></path><path fill="#9f9f9f" d="M378 598v1h3l-3-1m63.667.333l.666.334-.666-.334z"></path><path fill="#5b5b5b" d="M704 598l1 1-1-1z"></path><path fill="#2d2d2d" d="M886 598l1 1-1-1z"></path><path fill="#5b5b5b" d="M887 598l1 1-1-1z"></path><path fill="#9f9f9f" d="M888 598v1h3l-3-1z"></path><path fill="#5b5b5b" d="M195 599l1 1-1-1z"></path><path fill="#2d2d2d" d="M383 599l1 1-1-1z"></path><path fill="#5b5b5b" d="M384 599l1 1-1-1z"></path><path fill="#9f9f9f" d="M385 599v1h4l-4-1m48 0v1h4l-4-1z"></path><path fill="#2d2d2d" d="M437.667 599.333l.666.334-.666-.334z"></path><path fill="#5b5b5b" d="M705 599l1 1-1-1z"></path><path fill="#2d2d2d" d="M893 599l1 1-1-1z"></path><path fill="#5b5b5b" d="M894 599l1 1-1-1z"></path><path fill="#9f9f9f" d="M895 599v1h4l-4-1m48 0v1h4l-4-1z"></path><path fill="#2d2d2d" d="M947.667 599.333l.666.334-.666-.334z"></path><path fill="#5b5b5b" d="M196 600l1 1-1-1z"></path><path fill="#2d2d2d" d="M392.667 600.333l.666.334-.666-.334z"></path><path fill="#5b5b5b" d="M394 600l1 1-1-1z"></path><path fill="#9f9f9f" d="M395 600v1h9l-9-1m23 0v1h9l-9-1z"></path><path fill="#5b5b5b" d="M427 600l1 1-1-1z"></path><path fill="#2d2d2d" d="M428.667 600.333l.666.334-.666-.334z"></path><path fill="#5b5b5b" d="M706 600l1 1-1-1z"></path><path fill="#2d2d2d" d="M902.667 600.333l.666.334-.666-.334z"></path><path fill="#5b5b5b" d="M904 600l1 1-1-1z"></path><path fill="#9f9f9f" d="M905 600v1h9l-9-1m23 0v1h9l-9-1z"></path><path fill="#5b5b5b" d="M937 600l1 1-1-1z"></path><path fill="#2d2d2d" d="M938.667 600.333l.666.334-.666-.334z"></path><path fill="#5b5b5b" d="M197 601l1 1-1-1m510 0l1 1-1-1z"></path><path fill="#2d2d2d" d="M198 602l1 1-1-1m510 0l1 1-1-1m-509 1l1 1-1-1m510 0l1 1-1-1z"></path><path fill="#5b5b5b" d="M200 604l1 1-1-1m510 0l1 1-1-1m-509 1l1 1-1-1m510 0l1 1-1-1m-509 1l1 1-1-1m510 0l1 1-1-1m-509 1l1 1-1-1m510 0l1 1-1-1m-509 1l1 1-1-1m510 0l1 1-1-1m-509 1l1 1-1-1m510 0l1 1-1-1z"></path><path fill="#9f9f9f" d="M206 610l1 1-1-1m510 0l1 1-1-1m-509 1l1 1-1-1m510 0l1 1-1-1m-509 1l1 1-1-1m510 0l1 1-1-1m-509 1l1 1-1-1m510 0l1 1-1-1m-509 1l1 1-1-1m510 0l1 1-1-1z"></path><path fill="#2d2d2d" d="M212 615l1 1-1-1m510 0l1 1-1-1m-509 1l1 1-1-1m510 0l1 1-1-1z"></path><path fill="#5b5b5b" d="M214 617l1 1-1-1m510 0l1 1-1-1m-509 1l1 1-1-1m510 0l1 1-1-1z"></path><path fill="#9f9f9f" d="M216 619l1 1-1-1m510 0l1 1-1-1m-509 1l1 1-1-1m510 0l1 1-1-1z"></path><path fill="#2d2d2d" d="M219 621l1 1-1-1m510 0l1 1-1-1m-509 1l1 1-1-1m510 0l1 1-1-1z"></path><path fill="#5b5b5b" d="M221 623l1 1-1-1m510 0l1 1-1-1z"></path><path fill="#9f9f9f" d="M222 624l1 1-1-1m510 0l1 1-1-1z"></path><path fill="#2d2d2d" d="M225 626l1 1-1-1m510 0l1 1-1-1z"></path><path fill="#5b5b5b" d="M226 627l1 1-1-1m510 0l1 1-1-1z"></path><path fill="#9f9f9f" d="M227 628l1 1-1-1m510 0l1 1-1-1z"></path><path fill="#2d2d2d" d="M229 629l1 1-1-1z"></path><path fill="#9f9f9f" d="M738 629l1 1-1-1z"></path><path fill="#2d2d2d" d="M739 629l1 1-1-1z"></path><path fill="#5b5b5b" d="M230 630l1 1-1-1m510 0l1 1-1-1z"></path><path fill="#9f9f9f" d="M231 631l1 1-1-1m510 0l1 1-1-1m-509 1l1 1-1-1z"></path><path fill="#2d2d2d" d="M233 632l1 1-1-1m510 0l1 1-1-1z"></path><path fill="#5b5b5b" d="M234 633l1 1-1-1m510 0l1 1-1-1z"></path><path fill="#9f9f9f" d="M235 634l1 1-1-1m510 0l1 1-1-1z"></path><path fill="#2d2d2d" d="M237 635l1 1-1-1m510 0l1 1-1-1z"></path><path fill="#9f9f9f" d="M238 636l1 1-1-1m510 0l1 1-1-1z"></path><path fill="#2d2d2d" d="M240 637l1 1-1-1m510 0l1 1-1-1z"></path><path fill="#5b5b5b" d="M241 638l1 1-1-1m510 0l1 1-1-1z"></path><path fill="#9f9f9f" d="M242 639l1 1-1-1z"></path><path fill="#2d2d2d" d="M243 639l1 1-1-1z"></path><path fill="#9f9f9f" d="M752 639l1 1-1-1z"></path><path fill="#2d2d2d" d="M753 639l1 1-1-1z"></path><path fill="#5b5b5b" d="M244 640l1 1-1-1m510 0l1 1-1-1z"></path><path fill="#9f9f9f" d="M245 641l1 1-1-1z"></path><path fill="#2d2d2d" d="M246 641l1 1-1-1z"></path><path fill="#9f9f9f" d="M755 641l1 1-1-1z"></path><path fill="#2d2d2d" d="M756 641l1 1-1-1z"></path><path fill="#5b5b5b" d="M247 642l1 1-1-1m510 0l1 1-1-1z"></path><path fill="#9f9f9f" d="M248 643l1 1-1-1z"></path><path fill="#2d2d2d" d="M249 643l1 1-1-1z"></path><path fill="#9f9f9f" d="M758 643l1 1-1-1z"></path><path fill="#2d2d2d" d="M759 643l1 1-1-1z"></path><path fill="#9f9f9f" d="M250 644l1 1-1-1m510 0l1 1-1-1z"></path><path fill="#2d2d2d" d="M252 645l1 1-1-1m510 0l1 1-1-1z"></path><path fill="#9f9f9f" d="M253 646l1 1-1-1m510 0l1 1-1-1z"></path><path fill="#5b5b5b" d="M255 647l1 1-1-1m510 0l1 1-1-1z"></path><path fill="#9f9f9f" d="M256 648l1 1-1-1z"></path><path fill="#2d2d2d" d="M257 648l1 1-1-1m510 0l1 1-1-1z"></path><path fill="#9f9f9f" d="M258 649l1 1-1-1m510 0l1 1-1-1z"></path><path fill="#5b5b5b" d="M260 650l1 1-1-1m510 0l1 1-1-1z"></path><path fill="#2d2d2d" d="M262 651l1 1-1-1m510 0l1 1-1-1z"></path><path fill="#9f9f9f" d="M263 652l1 1-1-1z"></path><path fill="#2d2d2d" d="M264 652l1 1-1-1z"></path><path fill="#9f9f9f" d="M773 652l1 1-1-1z"></path><path fill="#2d2d2d" d="M774 652l1 1-1-1z"></path><path fill="#9f9f9f" d="M265 653l1 1-1-1m510 0l1 1-1-1m-508 1l1 1-1-1m510 0l1 1-1-1z"></path><path fill="#5b5b5b" d="M269 655l1 1-1-1m510 0l1 1-1-1m-508 1l1 1-1-1m510 0l1 1-1-1z"></path><path fill="#2d2d2d" d="M273 657l1 1-1-1m510 0l1 1-1-1z"></path><path fill="#9f9f9f" d="M274 658l1 1-1-1z"></path><path fill="#2d2d2d" d="M275 658l1 1-1-1z"></path><path fill="#9f9f9f" d="M784 658l1 1-1-1z"></path><path fill="#2d2d2d" d="M785 658l1 1-1-1z"></path><path fill="#9f9f9f" d="M276 659l1 1-1-1z"></path><path fill="#2d2d2d" d="M277 659l1 1-1-1z"></path><path fill="#9f9f9f" d="M786 659l1 1-1-1z"></path><path fill="#2d2d2d" d="M787 659l1 1-1-1z"></path><path fill="#9f9f9f" d="M278 660l1 1-1-1z"></path><path fill="#2d2d2d" d="M279 660l1 1-1-1z"></path><path fill="#9f9f9f" d="M788 660l1 1-1-1z"></path><path fill="#2d2d2d" d="M789 660l1 1-1-1z"></path><path fill="#9f9f9f" d="M280 661l1 1-1-1z"></path><path fill="#5b5b5b" d="M281 661l1 1-1-1z"></path><path fill="#9f9f9f" d="M790 661l1 1-1-1z"></path><path fill="#5b5b5b" d="M791 661l1 1-1-1m-508 1l1 1-1-1m510 0l1 1-1-1z"></path><path fill="#9f9f9f" d="M285 663l1 1-1-1m510 0l1 1-1-1m-508 1l1 1-1-1z"></path><path fill="#2d2d2d" d="M288 664l1 1-1-1z"></path><path fill="#9f9f9f" d="M797 664l1 1-1-1z"></path><path fill="#2d2d2d" d="M798 664l1 1-1-1z"></path><path fill="#9f9f9f" d="M289 665l1 1-1-1z"></path><path fill="#2d2d2d" d="M290 665l1 1-1-1z"></path><path fill="#9f9f9f" d="M799 665l1 1-1-1z"></path><path fill="#2d2d2d" d="M800 665l1 1-1-1z"></path><path fill="#9f9f9f" d="M291 666l1 1-1-1z"></path><path fill="#5b5b5b" d="M292 666l1 1-1-1z"></path><path fill="#9f9f9f" d="M801 666l1 1-1-1z"></path><path fill="#5b5b5b" d="M802 666l1 1-1-1m-508 1l1 1-1-1m510 0l1 1-1-1z"></path><path fill="#9f9f9f" d="M296 668l1 1-1-1z"></path><path fill="#2d2d2d" d="M297 668l1 1-1-1z"></path><path fill="#9f9f9f" d="M806 668l1 1-1-1z"></path><path fill="#2d2d2d" d="M807 668l1 1-1-1z"></path><path fill="#5b5b5b" d="M299 669l1 1-1-1m510 0l1 1-1-1z"></path><path fill="#9f9f9f" d="M301 670l1 1-1-1z"></path><path fill="#2d2d2d" d="M302 670l1 1-1-1z"></path><path fill="#9f9f9f" d="M811 670l1 1-1-1z"></path><path fill="#2d2d2d" d="M812 670l1 1-1-1z"></path><path fill="#5b5b5b" d="M304 671l1 1-1-1z"></path><path fill="#2d2d2d" d="M305 671l1 1-1-1z"></path><path fill="#5b5b5b" d="M814 671l1 1-1-1z"></path><path fill="#2d2d2d" d="M815 671l1 1-1-1z"></path><path fill="#9f9f9f" d="M306 672l1 1-1-1z"></path><path fill="#5b5b5b" d="M307 672l1 1-1-1z"></path><path fill="#9f9f9f" d="M816 672l1 1-1-1z"></path><path fill="#5b5b5b" d="M817 672l1 1-1-1z"></path><path fill="#9f9f9f" d="M309 673l1 1-1-1z"></path><path fill="#5b5b5b" d="M310 673l1 1-1-1z"></path><path fill="#9f9f9f" d="M819 673l1 1-1-1z"></path><path fill="#5b5b5b" d="M820 673l1 1-1-1z"></path><path fill="#9f9f9f" d="M312 674l1 1-1-1z"></path><path fill="#2d2d2d" d="M313 674l1 1-1-1z"></path><path fill="#9f9f9f" d="M822 674l1 1-1-1z"></path><path fill="#2d2d2d" d="M823 674l1 1-1-1z"></path><path fill="#9f9f9f" d="M315 675l1 1-1-1z"></path><path fill="#2d2d2d" d="M316 675l1 1-1-1z"></path><path fill="#9f9f9f" d="M825 675l1 1-1-1z"></path><path fill="#2d2d2d" d="M826 675l1 1-1-1z"></path><path fill="#9f9f9f" d="M318 676l1 1-1-1z"></path><path fill="#2d2d2d" d="M319 676l1 1-1-1z"></path><path fill="#9f9f9f" d="M828 676l1 1-1-1z"></path><path fill="#2d2d2d" d="M829 676l1 1-1-1z"></path><path fill="#9f9f9f" d="M321 677l1 1-1-1z"></path><path fill="#5b5b5b" d="M322 677l1 1-1-1z"></path><path fill="#9f9f9f" d="M831 677l1 1-1-1z"></path><path fill="#5b5b5b" d="M832 677l1 1-1-1z"></path><path fill="#9f9f9f" d="M324 678l1 1-1-1z"></path><path fill="#5b5b5b" d="M325 678l1 1-1-1z"></path><path fill="#9f9f9f" d="M834 678l1 1-1-1z"></path><path fill="#5b5b5b" d="M835 678l1 1-1-1z"></path><path fill="#9f9f9f" d="M328 679l1 1-1-1z"></path><path fill="#2d2d2d" d="M329 679l1 1-1-1z"></path><path fill="#9f9f9f" d="M838 679l1 1-1-1z"></path><path fill="#2d2d2d" d="M839 679l1 1-1-1z"></path><path fill="#9f9f9f" d="M331 680l1 1-1-1z"></path><path fill="#5b5b5b" d="M332 680l1 1-1-1z"></path><path fill="#2d2d2d" d="M333 680l1 1-1-1z"></path><path fill="#9f9f9f" d="M841 680l1 1-1-1z"></path><path fill="#5b5b5b" d="M842 680l1 1-1-1z"></path><path fill="#2d2d2d" d="M843 680l1 1-1-1z"></path><path fill="#9f9f9f" d="M335 681l1 1-1-1z"></path><path fill="#5b5b5b" d="M336 681l1 1-1-1z"></path><path fill="#9f9f9f" d="M845 681l1 1-1-1z"></path><path fill="#5b5b5b" d="M846 681l1 1-1-1z"></path><path fill="#9f9f9f" d="M339 682l1 1-1-1z"></path><path fill="#5b5b5b" d="M340 682l1 1-1-1z"></path><path fill="#2d2d2d" d="M341 682l1 1-1-1z"></path><path fill="#9f9f9f" d="M849 682l1 1-1-1z"></path><path fill="#5b5b5b" d="M850 682l1 1-1-1z"></path><path fill="#2d2d2d" d="M851 682l1 1-1-1z"></path><path fill="#9f9f9f" d="M343 683l1 1-1-1z"></path><path fill="#5b5b5b" d="M344 683l1 1-1-1z"></path><path fill="#2d2d2d" d="M345 683l1 1-1-1z"></path><path fill="#9f9f9f" d="M853 683l1 1-1-1z"></path><path fill="#5b5b5b" d="M854 683l1 1-1-1z"></path><path fill="#2d2d2d" d="M855 683l1 1-1-1z"></path><path fill="#9f9f9f" d="M347.667 684.333l.666.334-.666-.334z"></path><path fill="#5b5b5b" d="M349 684l1 1-1-1z"></path><path fill="#2d2d2d" d="M350 684l1 1-1-1z"></path><path fill="#9f9f9f" d="M857.667 684.333l.666.334-.666-.334z"></path><path fill="#5b5b5b" d="M859 684l1 1-1-1z"></path><path fill="#2d2d2d" d="M860 684l1 1-1-1z"></path><path fill="#9f9f9f" d="M352.667 685.333l.666.334-.666-.334z"></path><path fill="#5b5b5b" d="M354 685l1 1-1-1z"></path><path fill="#2d2d2d" d="M355 685l1 1-1-1z"></path><path fill="#9f9f9f" d="M862.667 685.333l.666.334-.666-.334z"></path><path fill="#5b5b5b" d="M864 685l1 1-1-1z"></path><path fill="#2d2d2d" d="M865 685l1 1-1-1z"></path><path fill="#9f9f9f" d="M357.667 686.333l.666.334-.666-.334z"></path><path fill="#5b5b5b" d="M359 686l1 1-1-1z"></path><path fill="#2d2d2d" d="M360 686l1 1-1-1z"></path><path fill="#9f9f9f" d="M867.667 686.333l.666.334-.666-.334z"></path><path fill="#5b5b5b" d="M869 686l1 1-1-1z"></path><path fill="#2d2d2d" d="M870 686l1 1-1-1z"></path><path fill="#9f9f9f" d="M363 687v1h3l-3-1z"></path><path fill="#2d2d2d" d="M366.667 687.333l.666.334-.666-.334z"></path><path fill="#9f9f9f" d="M873 687v1h3l-3-1z"></path><path fill="#2d2d2d" d="M876.667 687.333l.666.334-.666-.334z"></path><path fill="#9f9f9f" d="M370 688v1h3l-3-1z"></path><path fill="#2d2d2d" d="M373.667 688.333l.666.334-.666-.334z"></path><path fill="#9f9f9f" d="M880 688v1h3l-3-1z"></path><path fill="#2d2d2d" d="M883.667 688.333l.666.334-.666-.334z"></path><path fill="#9f9f9f" d="M378 689v1h4l-4-1z"></path><path fill="#5b5b5b" d="M382 689l1 1-1-1z"></path><path fill="#2d2d2d" d="M383.667 689.333l.666.334-.666-.334m54 0l.666.334-.666-.334z"></path><path fill="#5b5b5b" d="M439 689l1 1-1-1z"></path><path fill="#9f9f9f" d="M440 689v1h3l-3-1m448 0v1h4l-4-1z"></path><path fill="#5b5b5b" d="M892 689l1 1-1-1z"></path><path fill="#2d2d2d" d="M893.667 689.333l.666.334-.666-.334m54 0l.666.334-.666-.334z"></path><path fill="#5b5b5b" d="M949 689l1 1-1-1z"></path><path fill="#9f9f9f" d="M950 689l1 1-1-1m-562 1v1h8l-8-1z"></path><path fill="#2d2d2d" d="M396 690v1h7l-7-1m23 0v1h6l-6-1z"></path><path fill="#5b5b5b" d="M425 690l1 1-1-1z"></path><path fill="#9f9f9f" d="M426 690v1h8l-8-1m472 0v1h8l-8-1z"></path><path fill="#2d2d2d" d="M906 690v1h7l-7-1m23 0v1h7l-7-1z"></path><path fill="#5b5b5b" d="M936 690l1 1-1-1z"></path><path fill="#9f9f9f" d="M937 690v1h7l-7-1z"></path></svg><svg id="svg-damaging" fill-rule="evenodd" stroke-linejoin="round" stroke-miterlimit="2" clip-rule="evenodd" viewBox="0 0 111 111"><path fill="none" d="M0 0h110.026v110.026H0z"></path><path fill="#fff" fill-rule="nonzero" d="M4.155 55.048l50.967 50.968 50.968-50.968L55.122 4.08 4.155 55.048z"></path><path fill="red" fill-rule="nonzero" d="M.454 55.048l54.668 54.668 54.669-54.668L55.122.38.454 55.048zm100.59 0l-46.09 45.922L9.033 55.048 54.954 9.127l46.09 45.921z"></path><path fill="#010101" fill-rule="nonzero" d="M54.954 26.62h-.336c-2.355.169-4.542 1.01-5.888 2.355-.504.337-.672.842-.84 1.178l-.337.841v1.346l3.869 25.736.168 1.01c.505 1.345 1.85 2.354 3.196 2.522h1.178c1.85-.336 3.195-1.682 3.532-3.532l3.869-25.736v-.673l-.168-.841-.842-1.514-1.177-1.178c-1.01-.672-2.523-1.345-4.037-1.513l-1.682-.169-.505.169zm.505 38.857h-.337c-1.513 0-2.86.673-3.868 1.682l-.841 1.01c-.673.84-.841 1.682-1.01 2.86v1.513c.169 1.346.673 2.355 1.346 3.364l.841.841c.673.673 1.514 1.01 2.355 1.178l1.514.168 1.346-.168a6.732 6.732 0 003.532-2.523c.673-1.01 1.01-2.019 1.01-3.196V70.86a8.363 8.363 0 00-.674-2.187 5.895 5.895 0 00-4.541-3.364l-.673.168z"></path></svg><svg id="svg-ecocert" x="0" y="0" version="1.1" viewBox="0 0 497.46 339.46" xml:space="preserve"><style>.ls_ecocert__ls_ecocert__ls_ecocert__ls_ecocert__ls_ecocert__ls_ecocert__ls_ecocert__ls_ecocert__ls_ecocert__ls_ecocert__ls_ecocert__ls_ecocert__ls_ecocert__ls_ecocert__ls_ecocert__ls_ecocert__ls_ecocert__ls_ecocert__ls_ecocert__ls_ecocert__ls_ecocert__ls_ecocert__ls_ecocert__ls_ecocert__ls_ecocert__ls_ecocert__ls_ecocert__ls_ecocert__ls_ecocert__ls_ecocert__ls_ecocert__ls_ecocert__ls_ecocert__ls_ecocert__ls_ecocert__st0{fill:#e80029}.ls_ecocert__ls_ecocert__ls_ecocert__ls_ecocert__ls_ecocert__ls_ecocert__ls_ecocert__ls_ecocert__ls_ecocert__ls_ecocert__ls_ecocert__ls_ecocert__ls_ecocert__ls_ecocert__ls_ecocert__ls_ecocert__ls_ecocert__ls_ecocert__ls_ecocert__ls_ecocert__ls_ecocert__ls_ecocert__ls_ecocert__ls_ecocert__ls_ecocert__ls_ecocert__ls_ecocert__ls_ecocert__ls_ecocert__ls_ecocert__ls_ecocert__ls_ecocert__ls_ecocert__ls_ecocert__ls_ecocert__st1{fill:#fff}&lt;\/style&gt;<path d="M241.88 329.98c51.7 0 103-9.15 143.3-31.44 55.29-30.57 86.2-79.04 89.23-129.04 1.08-17.76-4.44-33.86-12.34-49.84C428.38 51.5 344.88 13 244.38 12.52c-51.21-.24-97.47 12.3-137.47 34.12-55.78 30.41-86.57 76.37-86.57 126.86 0 86.7 98.91 156.48 221.54 156.48z" class="ls_ecocert__ls_ecocert__ls_ecocert__ls_ecocert__ls_ecocert__ls_ecocert__ls_ecocert__ls_ecocert__ls_ecocert__ls_ecocert__ls_ecocert__ls_ecocert__ls_ecocert__ls_ecocert__ls_ecocert__ls_ecocert__ls_ecocert__ls_ecocert__ls_ecocert__ls_ecocert__ls_ecocert__ls_ecocert__ls_ecocert__ls_ecocert__ls_ecocert__ls_ecocert__ls_ecocert__ls_ecocert__ls_ecocert__ls_ecocert__ls_ecocert__ls_ecocert__ls_ecocert__ls_ecocert__ls_ecocert__st0"></path><path d="M243.88 315.46c48.45 0 94.01-9.01 130.34-26.37 56.81-27.14 91.31-71.59 91.67-119.22.58-76.54-91.33-140.59-215.51-140.59-42.69 0-82.5 7.59-116.65 19.25-65.5 22.36-104.72 77.11-104.72 127.34 0 76.54 90.68 139.59 214.87 139.59z" class="ls_ecocert__ls_ecocert__ls_ecocert__ls_ecocert__ls_ecocert__ls_ecocert__ls_ecocert__ls_ecocert__ls_ecocert__ls_ecocert__ls_ecocert__ls_ecocert__ls_ecocert__ls_ecocert__ls_ecocert__ls_ecocert__ls_ecocert__ls_ecocert__ls_ecocert__ls_ecocert__ls_ecocert__ls_ecocert__ls_ecocert__ls_ecocert__ls_ecocert__ls_ecocert__ls_ecocert__ls_ecocert__ls_ecocert__ls_ecocert__ls_ecocert__ls_ecocert__ls_ecocert__ls_ecocert__ls_ecocert__st1"></path><path d="M93.62 167.32l3.09-10.07h-69l-2.83 10.07zm47.26-112.07h63.74l-3.5 9.75h-51.24l-12 40.5h50l-2 7.75h-50.76l-14 42.5h56.76L175.62 167h-69zM277.38 115s4.25-26.5 15-39.25 18.25-16.25 18.25-16.25c6.25-5.5 32.75-13.75 49-3.75s21.03 22.1 18.5 46c-2.25 21.25-16.5 40.75-16.5 40.75 0-.25-14.75 23.5-44.5 23.75 0 0-22.75 2-33.25-14s-6.5-37.25-6.5-37.25z" class="ls_ecocert__ls_ecocert__ls_ecocert__ls_ecocert__ls_ecocert__ls_ecocert__ls_ecocert__ls_ecocert__ls_ecocert__ls_ecocert__ls_ecocert__ls_ecocert__ls_ecocert__ls_ecocert__ls_ecocert__ls_ecocert__ls_ecocert__ls_ecocert__ls_ecocert__ls_ecocert__ls_ecocert__ls_ecocert__ls_ecocert__ls_ecocert__ls_ecocert__ls_ecocert__ls_ecocert__ls_ecocert__ls_ecocert__ls_ecocert__ls_ecocert__ls_ecocert__ls_ecocert__ls_ecocert__ls_ecocert__st0"></path><path d="M338.88 61s25.5-2 27 23.75-11.75 48-11.75 48-11.75 23.75-38 24.5c-23.24.66-25.75-16.25-25.75-16.25s-3.25-12 1.25-30.75c0 0 4.38-18.57 11.75-29 9-12.75 17.24-20 35.5-20.25z" class="ls_ecocert__ls_ecocert__ls_ecocert__ls_ecocert__ls_ecocert__ls_ecocert__ls_ecocert__ls_ecocert__ls_ecocert__ls_ecocert__ls_ecocert__ls_ecocert__ls_ecocert__ls_ecocert__ls_ecocert__ls_ecocert__ls_ecocert__ls_ecocert__ls_ecocert__ls_ecocert__ls_ecocert__ls_ecocert__ls_ecocert__ls_ecocert__ls_ecocert__ls_ecocert__ls_ecocert__ls_ecocert__ls_ecocert__ls_ecocert__ls_ecocert__ls_ecocert__ls_ecocert__ls_ecocert__ls_ecocert__st1"></path><path d="M218.62 171.5h63.5l-3.5 9.88h-50.37l-12.5 38.12H266l-2.88 9.75H212.5l-12.43 42.25h57.81l-3.76 11.75h-69.74zm248 9.18l2.34-11.43h-22l-3.08 11.43zm-107.18-11.43l-3.81 11.13h34.4L359.12 283l12-.25 30.26-102.32h29.24l3.59-11.18zm-99.06 114l34-111.75h40s20.5.5 21.5 23c.87 19.48-26.5 29.5-26.5 29.5s11 1 9 25.5-1 33-1 33h-13l2.78-38.5s3.84-14.12-9.16-14.62-30.62 0-30.62 0l-15.87 53.88h-11.13z" class="ls_ecocert__ls_ecocert__ls_ecocert__ls_ecocert__ls_ecocert__ls_ecocert__ls_ecocert__ls_ecocert__ls_ecocert__ls_ecocert__ls_ecocert__ls_ecocert__ls_ecocert__ls_ecocert__ls_ecocert__ls_ecocert__ls_ecocert__ls_ecocert__ls_ecocert__ls_ecocert__ls_ecocert__ls_ecocert__ls_ecocert__ls_ecocert__ls_ecocert__ls_ecocert__ls_ecocert__ls_ecocert__ls_ecocert__ls_ecocert__ls_ecocert__ls_ecocert__ls_ecocert__ls_ecocert__ls_ecocert__st0"></path><path d="M290.38 219.38l11.62-38h30.38s19.5 1.12 10.93 21.65c-3.43 8.2-16.43 16.35-24.88 16.35h-28.05z" class="ls_ecocert__ls_ecocert__ls_ecocert__ls_ecocert__ls_ecocert__ls_ecocert__ls_ecocert__ls_ecocert__ls_ecocert__ls_ecocert__ls_ecocert__ls_ecocert__ls_ecocert__ls_ecocert__ls_ecocert__ls_ecocert__ls_ecocert__ls_ecocert__ls_ecocert__ls_ecocert__ls_ecocert__ls_ecocert__ls_ecocert__ls_ecocert__ls_ecocert__ls_ecocert__ls_ecocert__ls_ecocert__ls_ecocert__ls_ecocert__ls_ecocert__ls_ecocert__ls_ecocert__ls_ecocert__ls_ecocert__st1"></path><path d="M188.62 202.75s6-24.5-21.75-23.75c0 0-9-1-17.12 4.27-7.25 4.71-13.38 10.73-18.38 19.73 0 0-6.5 6.5-11.75 26.5 0 0-2.25 11-2 22 .22 9.76 1.5 23.5 25 23.75s29-18 29-18h14s-7.5 28-43 28c0 0-30.3.12-35-22.25-5.25-25 4.5-47.5 4.5-47.5s11.75-28 28.75-36.75c0 0 13.25-7.5 26.75-7.5s36 4.5 33.25 31.5h-12.25zm84-118s6-24.5-21.75-23.75c0 0-9-1-17.12 4.27C226.51 69.98 220.38 76 215.38 85c0 0-6.5 6.5-11.75 26.5 0 0-2.25 11-2 22 .22 9.76 1.5 23.5 25 23.75s29-18 29-18h14s-7.5 28-43 28c0 0-30.3.12-35-22.25-5.25-25 4.5-47.5 4.5-47.5s11.75-28 28.75-36.75c0 0 13.25-7.5 26.75-7.5s36 4.5 33.25 31.5h-12.26zM453.49 317.5h-2.25l-10.09-14.64h-.98v14.64h-1.97v-30.91h3.85c2.5 0 4.96.04 7.05 1.56 2.21 1.56 3.12 4.02 3.12 6.64 0 5.37-3.73 8.16-8.86 8.08l10.13 14.63zm-10.82-16.48c1.93 0 3.85-.08 5.41-1.43 1.48-1.19 2.17-3.03 2.17-4.88 0-2.3-1.07-4.59-3.28-5.58-1.64-.78-3.73-.7-5.53-.7h-1.27v12.59h2.5z" class="ls_ecocert__ls_ecocert__ls_ecocert__ls_ecocert__ls_ecocert__ls_ecocert__ls_ecocert__ls_ecocert__ls_ecocert__ls_ecocert__ls_ecocert__ls_ecocert__ls_ecocert__ls_ecocert__ls_ecocert__ls_ecocert__ls_ecocert__ls_ecocert__ls_ecocert__ls_ecocert__ls_ecocert__ls_ecocert__ls_ecocert__ls_ecocert__ls_ecocert__ls_ecocert__ls_ecocert__ls_ecocert__ls_ecocert__ls_ecocert__ls_ecocert__ls_ecocert__ls_ecocert__ls_ecocert__ls_ecocert__st0"></path><path fill="none" stroke="#e80029" stroke-width="2" d="M444.13 324.05c12.3 0 22.27-9.97 22.27-22.28 0-12.3-9.97-22.27-22.27-22.27-12.3 0-22.27 9.97-22.27 22.27 0 12.31 9.97 22.28 22.27 22.28z"></path></style></svg><svg id="svg-eco-eu" fill-rule="evenodd" stroke-linejoin="round" stroke-miterlimit="2" clip-rule="evenodd" viewBox="0 0 111 111"><path fill="none" d="M0 0h110.026v110.026H0z"></path><path fill="#fff" d="M7.199 1.483h93.913v105.834H7.199z"></path><path fill="#3a7eaa" fill-rule="nonzero" d="M60.598 5.501a1.918 1.918 0 00-.161.468 2.263 2.263 0 01-.204.538l-.207.408h-.825c-.45 0-.825.037-.825.074 0 .043.243.234.542.434.293.19.592.418.648.492.131.143.085.514-.112.952-.31.669-.243.916.141.588.08-.073.171-.133.27-.18.03 0 .17-.1.302-.217.428-.391.572-.375 1.256.127.339.244.658.45.714.45.102 0 .111-.126.02-.216a1.68 1.68 0 01-.198-.445c-.066-.21-.135-.418-.207-.625-.056-.18-.036-.29.076-.408.223-.234.88-.708 1.078-.782.394-.144.122-.244-.658-.244-.46 0-.87-.033-.927-.073-.095-.054-.246-.478-.49-1.377l-.082-.318-.15.354zm-10.05 2.23c-.076.224-.145.45-.207.682a3.23 3.23 0 01-.346.805c-.187.254-.197.267-.966.21a5.667 5.667 0 00-.825 0c-.03.027.197.208.486.402.911.595 1.013.702.881.902a.684.684 0 00-.111.328 1.908 1.908 0 01-.188.528c-.167.344-.167.498-.01.498.207-.107.405-.238.582-.391.602-.468.79-.545.947-.401.066.066.283.21.48.33.187.107.349.234.349.271 0 .034.098.117.23.174.131.053.236.07.236.043 0-.08-.272-.835-.394-1.08-.168-.343-.046-.607.444-.968.263-.19.559-.381.684-.435.404-.157.121-.254-.592-.2-.845.063-1.125-.074-1.23-.562-.026-.174-.092-.348-.141-.374-.046-.027-.082-.18-.082-.334 0-.355-.152-.636-.227-.428zm20.136.274a.78.78 0 00-.111.317c0 .07-.096.335-.207.589-.244.534-.385.591-1.24.518-.795-.067-.887 0-.41.29.223.134.558.381.749.545.375.314.375.361.046 1.17-.28.678-.132.789.47.324.243-.2.47-.38.496-.408.178-.19.415-.127.957.274.865.625.92.625.733.107a2.737 2.737 0 00-.207-.508c-.148-.254-.168-.661-.026-.798.329-.325.947-.77 1.15-.836.415-.117.106-.224-.493-.167-.328.033-.733.033-.91 0-.283-.047-.339-.11-.48-.538a6.157 6.157 0 01-.207-.769c-.076-.337-.142-.368-.31-.11zM43.437 15.35a1.974 1.974 0 00-.217.608 1.383 1.383 0 01-.273.599c-.197.207-.27.227-.986.2-.421-.01-.786.007-.806.044-.026.036.237.234.566.444.256.144.49.328.69.545.099.154-.017.725-.25 1.287-.141.334.026.471.28.234.358-.325.92-.696 1.071-.696.082 0 .477.228.862.509.394.29.687.454.647.37a7.645 7.645 0 01-.157-.534 4.42 4.42 0 00-.254-.709l-.15-.307.46-.391c.243-.208.591-.452.759-.525.45-.207.299-.318-.375-.264a3.202 3.202 0 01-.91-.027c-.283-.073-.35-.134-.431-.444a5.977 5.977 0 00-.198-.579 3.559 3.559 0 01-.14-.41c-.03-.171-.047-.161-.188.046zm34.332.09c-.108.248-.21.498-.302.752-.204.565-.385.645-1.276.582-.713-.054-1.052.033-.624.174a.901.901 0 01.345.19c.075.07.299.234.496.351.198.127.385.284.414.354a2.054 2.054 0 01-.14.719c-.113.324-.198.652-.198.735 0 .16.131.17.299.017.358-.328.92-.702 1.072-.702.082 0 .477.23.861.512.48.354.684.46.648.344-.102-.334-.22-.665-.355-.99-.217-.534-.207-.551.355-.996.299-.233.638-.464.76-.508.414-.153.111-.264-.573-.21-.825.067-1.164-.044-1.24-.388a3.369 3.369 0 00-.137-.434 6.349 6.349 0 01-.161-.502l-.096-.317-.148.317z"></path><path fill="#64b75f" fill-rule="nonzero" d="M59.08 18.86c-.507.14-1 .318-1.477.535-.105.06-.217.104-.335.127-.188 0-1.539.946-2.065 1.444-.713.669-1.802 2.313-1.802 2.7-.02.148-.065.288-.131.418-.178.375-.43 1.799-.43 2.377 0 .581.252 2.005.427 2.376.079.154.131.344.131.418 0 .164.48 1.036.92 1.688.405.588 1.326 1.497 1.898 1.868.233.144.44.29.47.318.352.173.713.334 1.078.48.733.308 1.154.425 1.453.425.612-.006.763-.153.819-.798.066-.662-.04-.77-.95-1.05-.257-.07-.5-.177-.73-.31a.437.437 0 00-.273-.108.427.427 0 01-.273-.133c-.066-.077-.177-.14-.243-.14-.168 0-1.66-1.425-1.848-1.769-.753-1.35-.88-1.751-.976-3.108-.096-1.427.177-1.571 1.594-.872.152.073.33.127.415.127.075 0 .289.063.476.143.198.074.5.2.678.281.2.084.397.17.591.267.132.067.276.107.421.124.151.02.296.067.43.134.369.184.583.174.902-.06.197-.134.292-.301.338-.582.086-.568-.131-.869-.799-1.08a11.781 11.781 0 01-1.094-.424 4.46 4.46 0 00-.688-.254 1.397 1.397 0 01-.41-.127c-.171-.074-.556-.217-.865-.334-1.25-.475-1.276-.619-.253-1.608.693-.682 1.716-1.38 2.018-1.38.082 0 .168-.034.198-.07.121-.2 1.347-.428 2.258-.418.91 0 1.943.2 2.15.4a.5.5 0 00.29.088.8.8 0 01.384.137c.096.073.349.134.566.134.637 0 1.012-.569.789-1.214-.115-.334-.546-.578-1.598-.916-.28-.08-.684-.217-.888-.28-.539-.18-2.939-.154-3.567.026z"></path><path fill="#3a7eaa" fill-rule="nonzero" d="M40.968 24.439c-.017.067-.102.344-.188.618-.289.943-.253.906-1.183.906-.447 0-.842.033-.871.08-.027.047.207.247.526.455.667.434.89.688.74.852a1.679 1.679 0 00-.159.501 1.13 1.13 0 01-.14.435c-.103.063-.113.4-.01.4.075 0 .308-.156.808-.554.487-.391.552-.381 1.295.144.487.344.69.444.71.354a.335.335 0 00-.055-.244 1.28 1.28 0 01-.148-.465 1.876 1.876 0 00-.181-.514c-.158-.248-.017-.418.677-.873.22-.123.42-.277.602-.454.006-.034-.378-.09-.865-.117-1.003-.054-.937 0-1.23-.98-.207-.661-.253-.745-.328-.544zm39.287.18c-.066.067-.112.157-.112.22 0 .064-.095.335-.197.616l-.207.508h-.862c-.47 0-.894.027-.92.053-.03.037.233.248.601.472.796.508.842.645.553 1.48-.122.344-.198.642-.168.679.056.056.487-.208.92-.562.421-.344.513-.334 1.312.234.411.3.75.528.75.511-.04-.1-.086-.197-.141-.29a1.216 1.216 0 01-.139-.455c0-.097-.03-.19-.085-.27a1.13 1.13 0 01-.151-.408c-.056-.291-.027-.355.207-.528.141-.107.365-.281.486-.381a1.98 1.98 0 01.46-.271c.415-.154.106-.264-.769-.264h-.87l-.208-.568a4.674 4.674 0 01-.197-.729c0-.18-.102-.2-.263-.047zM43.81 33.907a2.64 2.64 0 00-.157.445 9.83 9.83 0 01-.313.789l-.197.427-.947.027c-.674.017-.89.054-.76.11.254.118.78.489 1.109.79.253.233.263.253.158.634-.043.17-.106.335-.188.488-.122.154-.197.572-.102.625.036.03.345-.153.674-.397.622-.462.76-.518.957-.361.237.2 1.24.885 1.259.869a4.5 4.5 0 00-.217-.645c-.345-.98-.339-1.033.49-1.595l.703-.491-.779-.027c-1.108-.027-1.183-.053-1.259-.424-.026-.174-.092-.348-.138-.375-.05-.026-.085-.18-.095-.334-.01-.344-.122-.682-.198-.555zm33.676.254a1.891 1.891 0 00-.158.502 1.69 1.69 0 01-.217.508l-.217.36-.927.048c-.678.033-.881.07-.75.127.243.106.776.488 1.105.788.253.234.263.254.16.635a2.06 2.06 0 01-.187.488c-.111.147-.17.472-.105.582.05.063.283-.067.678-.354.328-.244.664-.455.74-.445.075 0 .433.217.798.491.355.261.668.478.674.468a7.16 7.16 0 00-.253-.778c-.138-.425-.243-.816-.214-.87.036-.116.355-.364 1.098-.835l.45-.3h-.894c-.986 0-1.19-.044-1.19-.245a1.324 1.324 0 00-.131-.414 3.763 3.763 0 01-.217-.702l-.082-.408-.161.354z"></path><path fill="#64b75f" fill-rule="nonzero" d="M27.456 40.709c.62.31 1.334.729 1.456.856.102.08.207.153.319.217.789.488 4.747 4.599 4.747 4.933 0 .053.03.11.076.127.121.053.77.862.77.97 0 .056.035.1.075.1.092 0 .769.868.769.999 0 .043.036.09.082.09.04 0 .273.27.516.608.237.345.526.736.648.89.293.38.93 1.25 1.098 1.497.076.107.339.461.592.779.243.317.44.614.44.661 0 .054.056.127.122.164.066.033.46.501.865 1.026.404.525.76.97.789.996.026.027.27.29.532.588a14.55 14.55 0 002.384 2.223c.075.074 1.522.789 2.064 1.016.178.074.743.328 1.24.565.496.224.993.414 1.098.414.253 0 .355-.397.197-.762a4.578 4.578 0 01-.197-.778 10.395 10.395 0 00-.713-2.514 1.874 1.874 0 01-.122-.354c0-.07-.572-1.197-.78-1.53-.62-1.007-1.745-2.531-2.251-3.06a5.219 5.219 0 01-.329-.387c-.122-.22-1.782-1.835-2.505-2.45-.391-.33-.78-.661-1.164-.999-.29-.244-.562-.478-.618-.515a50.43 50.43 0 00-1.973-1.46c-1.499-1.08-1.387-1-1.578-1.107l-.503-.327a26.528 26.528 0 00-2.054-1.26c-.04 0-.142-.067-.227-.134-.148-.14-.563-.368-1.473-.835a1.632 1.632 0 01-.497-.321c0-.034-.085-.07-.177-.07-.105 0-.207-.037-.237-.084-.075-.107-1.315-.668-1.894-.852a4.523 4.523 0 00-1.269-.154h-.789l.47.234z"></path><path fill="#3a7eaa" fill-rule="nonzero" d="M70.175 41.12c-.095.244-.18.491-.26.742-.167.528-.42.635-1.36.592-.441-.02-.796-.037-.796-.027 0 .007.335.254.75.535.44.317.749.588.749.678 0 .09-.083.401-.188.702-.309.886-.273.912.497.398.378-.248.723-.455.769-.455.06 0 .207.09.348.207.132.11.34.264.45.335.113.073.31.21.432.3.217.168.226.168.226 0a.441.441 0 00-.085-.26 4.068 4.068 0 01-.385-1.207c0-.12.142-.28.405-.434.15-.094.299-.194.44-.301.03-.027.178-.154.349-.29l.296-.235-.766.044c-1.108.063-1.2.01-1.457-.843-.121-.4-.223-.755-.243-.802-.01-.043-.082.1-.168.321h-.003zm-19.137-.084a1.885 1.885 0 00-.217.529c-.178.825-.45.969-1.605.879-.684-.047-.684.01-.01.444.911.588.957.725.619 1.678-.112.3-.178.571-.139.602.027.023.214-.084.411-.238.145-.12.306-.217.48-.284.056 0 .102-.043.102-.09 0-.054.112-.134.244-.19.197-.064.302-.054.45.056.424.301 1.174.769 1.24.769.029 0 .02-.054-.037-.117a1.213 1.213 0 01-.17-.471 1.796 1.796 0 00-.205-.562c-.17-.267-.085-.635.165-.708.105-.027.19-.09.19-.134 0-.047.076-.1.168-.13a2.33 2.33 0 00.526-.361l.349-.301-.733.047c-1.174.053-1.2.033-1.565-1.237l-.115-.398-.148.217zm9.56 2.831c-.072.15-.128.308-.161.472a2.186 2.186 0 01-.204.534l-.207.408h-.825c-.45 0-.825.037-.825.084 0 .033.27.244.598.45.329.201.628.435.658.519.065.18-.01.508-.244 1.016-.105.217-.16.465-.121.535.046.127.082.117.263-.054a1.04 1.04 0 01.289-.19c.036 0 .177-.1.319-.227.48-.435.684-.392 1.594.344.507.408.516.28.086-.842-.142-.371-.132-.455.03-.656.206-.203.437-.38.69-.524.194-.1.371-.234.526-.391 0-.034-.375-.064-.832-.064-.556 0-.865-.033-.92-.117-.096-.107-.33-.762-.48-1.333l-.083-.318-.15.354z"></path><path fill="#64b75f" fill-rule="nonzero" d="M53.204 50.498c-.273.144-.516.699-.647 1.451a3.44 3.44 0 01-.168.682 7.626 7.626 0 00-.253.902 4.934 4.934 0 01-.293.936 1.333 1.333 0 00-.131.501c0 .134-.046.388-.102.562a28.024 28.024 0 00-.45 1.771 2.506 2.506 0 01-.178.558 1.17 1.17 0 00-.115.508 3.082 3.082 0 01-.132.756c-.223.779-.43 1.704-.43 1.965 0 .137-.066.401-.142.582-.089.23-.135.478-.141.725a5 5 0 01-.132.962c-.467 1.939-.46 5.281 0 6.294.063.117.105.244.132.374 0 .261.394.726.657.78.385.073.546-.011.694-.345a4.52 4.52 0 00.247-1.417l-.06-3.77c-.046-3.186-.036-3.677.096-3.978.079-.173.131-.36.151-.551 0-.254.253-1.096.427-1.424a1.02 1.02 0 00.132-.451c0-.12.066-.301.145-.401a.664.664 0 00.14-.361c0-.1.067-.268.139-.365a.794.794 0 00.141-.417.39.39 0 01.188-.345.361.361 0 00.187-.317c0-.144.056-.227.141-.227.096 0 .142.09.142.264 0 .153.046.3.092.327.06.027.095-.037.095-.154.02-.153.066-.3.142-.434.085-.174.131-.361.141-.555 0-.184.066-.645.138-1.016.115-.501.141-1.063.115-2.159-.04-1.534-.151-2.112-.44-2.196l-.283-.09c-.076-.034-.253 0-.385.073zm12.77 2.357c-.336.067-.855.12-1.145.127-.29.01-.552.047-.582.09-.036.047-.233.11-.46.147-.559.1-1.105.26-1.63.471a1.63 1.63 0 01-.415.117c-.121 0-1.808.782-2.005.936-.526.391-.987.699-1.026.699-.112 0-1.042.969-1.315 1.36-.635.936-.644.963-.658 2.139-.006.936.023 1.136.165 1.28.082.1.158.227.158.28 0 .165.309.282.608.228.16-.027.546-.164.874-.307.32-.147.648-.268.714-.268.075 0 .158-.033.197-.087.076-.11 1.38-.725 1.555-.725.076 0 .18-.037.237-.083.2-.114.414-.204.638-.271.506-.174.572-.174.723-.047.148.127.187.127.45 0 .145-.077.303-.127.467-.144.105 0 .207-.036.247-.083.026-.054.253-.117.493-.144.246-.027.657-.11.914-.18.789-.211 2.005-.345 3.189-.355.88-.01 1.154-.033 1.24-.143.081-.11.404-.138 1.735-.138 1.266 0 1.716-.036 2.045-.153.74-.254 2.045-.381 4.307-.401 1.387-.017 2.235-.064 2.288-.117.06-.054.348-.1.648-.1.302 0 .545-.034.545-.08 0-.048-.197-.168-.44-.275a9.481 9.481 0 01-.592-.27c-.3-.164-1.94-.89-2.252-1-.77-.26-1.67-.461-2.11-.461-.451 0-.461 0-.254.144.3.2.243.544-.075.508-.132-.007-.826-.064-1.559-.107a10.42 10.42 0 01-1.578-.18 2.227 2.227 0 00-.532-.094 2.23 2.23 0 01-.704-.18c-1.23-.546-.066-1.09 2.354-1.09 1.108-.007 1.118-.007.753-.144a12.693 12.693 0 00-1.785-.481l-.796-.17c-1.325-.318-4.534-.455-5.632-.248z"></path><path fill="#3a7eaa" fill-rule="nonzero" d="M53.401 57.527c.027.395.056.425.303.18.22-.213.22-.334 0-.457-.22-.12-.303-.044-.303.277zm-.844 2.901c0 .2.072.365.144.365.286 0 .467-.602.178-.662-.178-.037-.322.103-.322.294v.003z"></path><path fill="#64b75f" fill-rule="nonzero" d="M12.323 65.562l.023 5.227 3.38-.006c1.857 0 3.451-.01 3.547-.01.141 0 .157-.064.141-.435l-.033-.428-2.916-.026-2.926-.017-.056-.21c-.075-.261-.075-3.727 0-3.911.046-.124.385-.144 2.804-.144 1.513 0 2.815-.027 2.9-.053.076-.027.168-.19.207-.365.112-.588.142-.578-2.975-.578-2.673 0-2.804-.01-2.9-.174-.121-.227-.121-2.64 0-2.948l.096-.233h5.825l-.026-.435-.033-.428-3.544-.027-3.537-.02.02 5.228.003-.007zm9.58-1.578c.036 4.145.085 4.59.628 5.472.414.652 1.163 1.233 1.83 1.404.777.2 2.42.217 3.134.036.27-.053.53-.15.77-.28.068-.06.154-.1.243-.117.177 0 .946-.82 1.134-1.207.45-.926.49-1.37.49-5.28v-3.674h-1.108l-.036 3.967c-.04 3.974-.04 3.974-.254 4.379a2.882 2.882 0 01-1.269 1.246c-.42.208-.532.218-1.545.19-1.006-.026-1.118-.046-1.512-.29-.414-.244-.799-.688-1.174-1.323-.167-.301-.177-.555-.217-4.218l-.026-3.9-.562-.028-.566-.026.04 3.653v-.004zm16.671-3.409c0 .044.329.291.733.552.901.581 1.24.862 3.482 2.82.552.492 1.726 1.338 2.019 1.455.355.153 1.883.153 2.38.016.368-.11.368-.117.246-.354a.912.912 0 01-.131-.344c0-.19-.628-1.153-.91-1.387a20.618 20.618 0 00-1.858-1.36 2.199 2.199 0 01-.424-.275 1.415 1.415 0 00-.45-.27c-.047 0-.139-.067-.205-.134-.065-.077-.18-.14-.253-.14a1.51 1.51 0 01-.434-.127c-.542-.224-1.696-.408-2.945-.468-.704-.04-1.25-.03-1.25.016z"></path><path fill="#3a7eaa" fill-rule="nonzero" d="M52.254 61.932c-.105.268-.053.458.132.522.203.07.282-.037.282-.418 0-.28-.052-.518-.105-.518-.075 0-.207.19-.309.418v-.004z"></path><path fill="#64b75f" fill-rule="nonzero" d="M61.706 62.925c-.253.07-.723.19-1.032.26-.31.074-.753.185-.987.248a6.759 6.759 0 01-.89.17c-.441.067-.602.11-1.503.435-.723.254-1.032.428-1.331.735-.283.274-.31.355-.31.863 0 .37.056.668.178.899.178.334.92.969 1.134.969.066 0 .247.053.405.127.365.164 1.66.327 2.544.327 1.003 0 2.288-.28 3.949-.862a36.67 36.67 0 011.22-.408 7.79 7.79 0 00.798-.274c.487-.19.99-.344 1.5-.46.779-.191 1.061-.345 1.005-.536-.065-.234.056-.3.684-.38a14.4 14.4 0 001.128-.191c.582-.127.592-.134.214-.144-.517-.01-.684-.083-.684-.284 0-.254.263-.451.572-.451.243 0 .273-.027.217-.217-.086-.355.41-.402 1.66-.148.562.117 1.052.181 1.085.154.033-.033 0-.08-.072-.1-.293-.097-.586-.19-.881-.28a13.193 13.193 0 00-2.506-.589c-.332-.04-.66-.1-.986-.174-.46-.127-4.12-.2-4.859-.1-.95.137-1.756.284-2.252.411z"></path><path fill="#3a7eaa" fill-rule="nonzero" d="M12.237 72.564c-.089.057-.122 3.286-.122 15.448v15.365l4.363.026 4.363.02v-2.27l-3.209-.016-3.218-.027V90.408l1.952-.03 1.94-.016v-2.27h-1.818c-1.003 0-1.887-.026-1.973-.053-.131-.054-.147-.709-.147-6.541 0-4.345.03-6.537.095-6.654.102-.174.214-.174 3.218-.174l3.114.01.03-1.09.026-1.096H16.6c-2.334 0-4.307.033-4.363.07zm37.495 0c-.111.02-.131 2.052-.111 15.421l.026 15.392 1.042.046c.572.027 1.062.017 1.079-.02.02-.026.039-6.985.039-15.454V72.557l-.967-.01c-.535-.01-1.032 0-1.108.017zm18.812.01c-.016.02-.036 6.975-.036 15.448 0 12.253.026 15.401.122 15.401.056.007.684.007 1.387 0 .92-.01 1.39.027 1.69.127.815.281 2.433.134 3.228-.284a5.001 5.001 0 001.924-1.885c0-.053.075-.217.167-.364.152-.254.161-.836.161-8.352 0-5.796-.03-8.119-.105-8.21a1.257 1.257 0 01-.164-.4 1.011 1.011 0 00-.132-.314 3.593 3.593 0 01-.328-.418c-.52-.745-1.306-1.27-2.387-1.604a4.446 4.446 0 00-2.43.033 2.231 2.231 0 01-.74.137c-.121-.033-.14-.715-.16-4.69l-.027-4.645-1.062-.007a8.178 8.178 0 00-1.108.027zm5.445 11.484c.272.177.519.395.723.652l.315.434v14.967l-.279.408a3.382 3.382 0 01-.687.672c-.362.254-.477.28-1.124.28-.592 0-.79-.043-1.069-.207-.444-.264-.92-.789-.92-1.016 0-.09-.037-.2-.096-.227-.066-.034-.092-2.584-.092-7.346v-7.293l.234-.435c.131-.237.299-.451.496-.635.141-.12.302-.247.348-.28.188-.158.375-.184 1.062-.191.572-.01.757.027 1.085.217h.004zm19.985-11.484c-.046.054-.046 30.803 0 30.856.016.02.592.027 1.266.01l1.23-.027V72.584l-.208-.01a26.121 26.121 0 00-2.288 0zm-66.801 9.208c-1.611.568-2.512 1.558-2.897 3.175-.131.525-.15 1.578-.15 7.718 0 7.483.009 7.647.433 8.542.072.154.132.308.132.345 0 .046.197.3.427.581.5.582 1.4 1.197 2.012 1.37.526.154 2.252.164 2.795.017.9-.244 2.07-1.196 2.465-2.012.51-1.026.546-1.29.556-3.309v-1.905l-1.052.017c-.375 0-.75.01-1.125.027-.046 0-.075.715-.075 1.587 0 2.05-.076 2.393-.658 2.955a1.986 1.986 0 01-1.782.591 2.023 2.023 0 01-1.781-1.56c-.066-.301-.096-2.774-.076-7.564.026-7.79 0-7.31.572-7.911.414-.435.89-.615 1.585-.615.348 0 .733.033.864.09.31.11.977.752 1.108 1.07.066.147.132 1.08.158 2.239l.056 1.999 1.108.026 1.098.027v-2.069c0-2.206-.01-2.286-.543-3.382-.217-.455-1.173-1.54-1.35-1.54a1.84 1.84 0 01-.445-.221 2.147 2.147 0 00-.703-.281c-.188-.034-.365-.1-.395-.144-.026-.047-.44-.083-.907-.073a4.142 4.142 0 00-1.427.21h-.003zm12.549.064c-.29.1-.566.234-.826.397-.085.074-.17.134-.207.134-.243 0-1.426 1.437-1.426 1.735a.39.39 0 01-.096.227c-.243.234-.29 1.838-.263 8.834l.03 7.212.227.588c.082.254.203.492.355.709.065.063.121.154.121.19 0 .034.178.254.405.478.476.502 1.315 1.027 1.867 1.18.822.218 3.048.084 3.265-.2.03-.034.197-.134.374-.224.77-.381 1.65-1.454 1.832-2.216.026-.154.102-.3.148-.324.115-.074.115-15.803 0-15.876-.046-.024-.122-.167-.148-.334-.161-.699-1.043-1.732-1.878-2.213-.687-.381-1.2-.508-2.202-.545-.809-.016-.96 0-1.578.248zm2.363 2.075c.132.047.431.254.658.455.74.661.713.324.713 8.255 0 7.754.007 7.597-.611 8.189-.487.481-.704.598-1.22.651-.9.11-1.568-.153-2.11-.842l-.33-.408-.029-7.44c-.016-7.292-.016-7.446.171-7.817.217-.428.562-.772.986-.99.32-.163 1.398-.2 1.772-.053zm16.853-2.186a4.477 4.477 0 00-1.736.99c-.602.561-.638.615-.996 1.303-.28.535-.29.635-.31 1.661l-.01 1.09h2.066l.055-.725c.014-.382.099-.752.254-1.1a2.63 2.63 0 011.117-1.043c.375-.134 1.414-.1 1.776.067.305.144.776.642 1.048 1.096.132.234.168 3.88.03 3.964-.04.027-.247-.01-.444-.073a6.503 6.503 0 00-1.512-.328c-.569 0-1.772.308-2.223.572-.723.417-1.489 1.226-1.857 1.931l-.31.625v4.402c0 4.76-.025 4.405.497 5.421.424.803 1.578 1.698 2.499 1.942.664.174 1.96.19 2.44.037.318-.11.815-.144 1.847-.144h1.407l-.03-9.345c-.016-7.32-.055-9.358-.138-9.448a.445.445 0 01-.121-.281c0-.29-.622-1.18-1.157-1.671a3.417 3.417 0 00-1.631-.896c-.168-.03-.339-.093-.365-.137-.086-.134-1.736-.073-2.196.09zm2.147 9.359c.207.1.506.32.667.474.562.552.562.545.562 4.663 0 4.077.01 3.97-.542 4.569-.46.508-.845.661-1.568.661-.526 0-.734-.033-.987-.2a2.414 2.414 0 01-.986-.97c-.178-.334-.184-.524-.184-4.07 0-3.44.01-3.757.168-4.075a2 2 0 01.91-.979c.543-.334 1.381-.36 1.96-.07v-.003zm23.28-9.359c-.806.281-1.316.572-1.783 1.016-.496.472-.966 1.204-1.078 1.695-.03.157-.105.31-.151.334-.122.084-.112 15.622.01 15.695.056.027.095.127.095.218 0 .29.644 1.37 1.052 1.758.493.481 1.256.936 1.789 1.07.693.19 1.916.2 2.531.036.565-.154 1.335-.551 1.749-.896.319-.274.91-1.063.993-1.327.033-.113.079-.22.141-.317.142-.17.3-1.086.349-1.985.056-1.137.046-1.144-1.154-1.144-.48 0-.93.027-1.016.054-.122.047-.148.227-.148 1.07 0 1.316-.187 1.697-1.078 2.232-.526.318-1.532.318-2.065 0-1.062-.625-1.174-1.036-1.174-4.345 0-1.995.027-2.547.122-2.63.085-.064 1.154-.107 3.31-.117l3.183-.027-.01-4.355c0-4.405-.046-5.04-.365-5.632a1.294 1.294 0 01-.141-.38c0-.054-.036-.108-.086-.108-.046 0-.121-.083-.148-.183a3.177 3.177 0 00-.545-.662c-.47-.461-1.059-.789-1.94-1.096-.559-.19-1.87-.174-2.443.026zm2.478 2.393c.188.147.46.428.599.635l.253.375v6.721l-2.006.027c-1.417.016-2.048-.01-2.13-.084-.112-.09-.132-.615-.105-3.108.04-3.466.065-3.657.687-4.275.532-.535.684-.588 1.594-.561.668.016.8.046 1.108.27z"></path></svg><svg id="svg-eco" fill-rule="evenodd" stroke-linejoin="round" stroke-miterlimit="2" clip-rule="evenodd" viewBox="0 0 111 111"><path fill="none" d="M0 0h110.026v110.026H0z"></path><path fill="none" d="M.138 21.275h106.23v63.738H.139z"></path><path fill="#28913f" fill-rule="nonzero" d="M.138 21.275H109.91v67.28H.138z"></path><path fill="#fff" fill-rule="nonzero" d="M15.364 61.997c0 .708 0 .708.708.708h19.476l.354-.354.354-3.541c0-10.623-6.02-18.414-16.289-18.414-10.623 0-17.35 8.145-17.35 18.414 0 10.269 7.081 18.413 17.705 18.413a17.71 17.71 0 0012.039-3.541V72.62l-3.541-6.374c0-.708-.708-.708-1.062-.354-1.417 1.062-3.541 2.124-7.082 2.124-5.666 0-8.499-4.249-8.499-9.206 0-4.958 2.125-9.561 7.436-9.561 4.25 0 6.374 2.479 7.082 5.665H19.26c-.354 0-.708 0-1.062.709l-2.833 6.374zm24.433 13.81c0 .354 0 .708.708.708h7.79c.709 0 .709 0 .709-.708V58.456L59.627 76.16l1.062.354h9.561c.708 0 .708 0 .354-.708L58.211 56.33l11.685-14.164c.354-.708 0-1.063-.354-1.063H58.919L49.004 54.56V28.71c0-.707 0-.707-.708-.707h-7.79c-.355 0-.709 0-.709.708v47.096z"></path><path fill="#fff" fill-rule="nonzero" d="M86.185 77.223c10.623 0 17.705-8.853 17.705-18.413 0-9.915-7.082-18.414-17.705-18.414-10.623 0-17.705 8.499-17.705 18.414 0 9.56 7.082 18.413 17.705 18.413zm0-9.207c-4.604 0-8.145-4.249-8.145-9.206 0-4.958 3.541-9.207 8.145-9.207 5.311 0 8.498 4.25 8.498 9.207 0 4.957-3.187 9.206-8.498 9.206z"></path></svg><svg id="svg-energyA" fill-rule="evenodd" stroke-linejoin="round" stroke-miterlimit="1.5" clip-rule="evenodd" viewBox="0 0 192 106"><g transform="matrix(.95914 0 0 .52549 -.237 -.14)"><path fill="none" d="M.247.266h200.047v200.047H.247z"></path><clippath id="ls_energyA__a"><path d="M.247.266h200.047v200.047H.247z"></path></clippath><g clip-path="url(#ls_energyA__a)"><path fill="#06a54e" stroke="#000" stroke-width="3.65" d="M2224.74 162.973V390.41h-299.81l-113.35-113.357 113.49-113.485 299.67-.595z" transform="matrix(.47608 0 0 .86895 -859.77 -140.466)"></path><path fill="#fff" d="M157.384 2.885H198.5V197.22h-41.115z"></path><path fill="#fff" fill-rule="nonzero" stroke="#000" stroke-miterlimit="2" stroke-width="1.77" d="M162.955 21.252h-18.867l-7.5-19.512h-34.336l-7.09 19.512H76.763l33.457-85.898h18.34l34.395 85.898zm-31.934-33.984l-11.836-31.875-11.601 31.875h23.437z" transform="matrix(.5398 0 0 1.16359 33.423 123.912)"></path><path fill="#030" d="M181.452 79.198c0-2.15-.956-3.895-2.133-3.895h-.05c-1.176 0-2.132 1.745-2.132 3.895v41.28c0 2.15.956 3.895 2.133 3.895h.049c1.177 0 2.133-1.744 2.133-3.895v-41.28z"></path><path fill="#030" d="M180.688 76.444c-.833-1.52-2.185-1.52-3.018 0l-.034.062c-.833 1.52-.833 3.987 0 5.507l6.006 10.962c.832 1.52 2.185 1.52 3.017 0l.034-.063c.833-1.519.833-3.987 0-5.507l-6.005-10.961z"></path><path fill="#030" d="M180.555 82.014c.833-1.52.833-3.988 0-5.507l-.034-.063c-.832-1.52-2.184-1.52-3.017 0l-6.006 10.962c-.832 1.52-.832 3.988 0 5.507l.035.063c.832 1.52 2.184 1.52 3.017 0l6.005-10.962z"></path><path fill="#030" fill-rule="nonzero" d="M192.216 63.098h-5.707l-2.253-11.06h-10.431l-2.145 11.06h-5.56l10.14-48.583h5.56l10.396 48.583zm-9.668-19.203l-3.562-18.049-3.526 18.05h7.088zm-1.216 123.76v-8.184h11.323v19.349c-1.1 1.988-2.695 3.738-4.783 5.251-2.089 1.513-4.203 2.27-6.345 2.27-2.72 0-5.093-1.066-7.116-3.197-2.024-2.132-3.544-5.18-4.561-9.145-1.018-3.965-1.526-8.277-1.526-12.938 0-5.057.568-9.553 1.703-13.484 1.136-3.932 2.798-6.947 4.987-9.045 1.668-1.612 3.745-2.419 6.23-2.419 3.23 0 5.752 1.265 7.568 3.794 1.816 2.529 2.985 6.024 3.505 10.486l-5.217 1.822c-.367-2.385-1.056-4.268-2.068-5.649-1.011-1.38-2.274-2.07-3.789-2.07-2.295 0-4.12 1.358-5.474 4.075-1.355 2.717-2.032 6.748-2.032 12.093 0 5.765.686 10.088 2.058 12.97 1.373 2.883 3.17 4.325 5.395 4.325 1.1 0 2.203-.404 3.31-1.21a12.102 12.102 0 002.848-2.932v-6.162h-6.016z"></path></g></g></svg><svg id="svg-energyG" fill-rule="evenodd" stroke-linejoin="round" stroke-miterlimit="1.5" clip-rule="evenodd" viewBox="0 0 192 106"><g transform="matrix(.95914 0 0 .52549 -.237 -.14)"><path fill="none" d="M.247.266h200.047v200.047H.247z"></path><clippath id="ls_energyG__a"><path d="M.247.266h200.047v200.047H.247z"></path></clippath><g clip-path="url(#ls_energyG__a)"><path fill="#ee0018" stroke="#000" stroke-width="3.65" d="M2224.74 162.973V390.41h-299.81l-113.35-113.357 113.49-113.485 299.67-.595z" transform="matrix(.47608 0 0 .86895 -859.77 -140.466)"></path><path fill="#fff" d="M157.384 2.885H198.5V197.22h-41.115z"></path><path fill="#fff" fill-rule="nonzero" stroke="#000" stroke-miterlimit="2" stroke-width="1.77" d="M125.455-10.33v-14.473h37.383V9.416c-3.633 3.516-8.897 6.611-15.791 9.287-6.895 2.676-13.877 4.014-20.948 4.014-8.984 0-16.816-1.885-23.496-5.654-6.68-3.77-11.699-9.161-15.058-16.172-3.36-7.012-5.039-14.639-5.039-22.881 0-8.945 1.875-16.895 5.625-23.848 3.75-6.953 9.238-12.285 16.464-15.996 5.508-2.851 12.364-4.277 20.567-4.277 10.664 0 18.994 2.236 24.99 6.709 5.996 4.472 9.854 10.654 11.572 18.545l-17.226 3.222c-1.211-4.218-3.487-7.549-6.826-9.99-3.34-2.441-7.51-3.662-12.51-3.662-7.578 0-13.604 2.402-18.076 7.207-4.473 4.805-6.709 11.934-6.709 21.387 0 10.195 2.265 17.841 6.796 22.939 4.532 5.098 10.469 7.647 17.813 7.647 3.633 0 7.275-.713 10.928-2.139 3.652-1.426 6.787-3.154 9.404-5.186V-10.33h-19.863z" transform="matrix(.5398 0 0 1.16359 33.423 123.912)"></path><path fill="#030" d="M181.452 79.198c0-2.15-.956-3.895-2.133-3.895h-.05c-1.176 0-2.132 1.745-2.132 3.895v41.28c0 2.15.956 3.895 2.133 3.895h.049c1.177 0 2.133-1.744 2.133-3.895v-41.28z"></path><path fill="#030" d="M180.688 76.444c-.833-1.52-2.185-1.52-3.018 0l-.034.062c-.833 1.52-.833 3.987 0 5.507l6.006 10.962c.832 1.52 2.185 1.52 3.017 0l.034-.063c.833-1.519.833-3.987 0-5.507l-6.005-10.961z"></path><path fill="#030" d="M180.555 82.014c.833-1.52.833-3.988 0-5.507l-.034-.063c-.832-1.52-2.184-1.52-3.017 0l-6.006 10.962c-.832 1.52-.832 3.988 0 5.507l.035.063c.832 1.52 2.184 1.52 3.017 0l6.005-10.962z"></path><path fill="#003100" fill-rule="nonzero" d="M192.216 63.098h-5.707l-2.253-11.06h-10.431l-2.145 11.06h-5.56l10.14-48.583h5.56l10.396 48.583zm-9.668-19.203l-3.562-18.049-3.526 18.05h7.088z"></path><path fill="#003e00" fill-rule="nonzero" d="M181.332 167.655v-8.184h11.323v19.349c-1.1 1.988-2.695 3.738-4.783 5.251-2.089 1.513-4.203 2.27-6.345 2.27-2.72 0-5.093-1.066-7.116-3.197-2.024-2.132-3.544-5.18-4.561-9.145-1.018-3.965-1.526-8.277-1.526-12.938 0-5.057.568-9.553 1.703-13.484 1.136-3.932 2.798-6.947 4.987-9.045 1.668-1.612 3.745-2.419 6.23-2.419 3.23 0 5.752 1.265 7.568 3.794 1.816 2.529 2.985 6.024 3.505 10.486l-5.217 1.822c-.367-2.385-1.056-4.268-2.068-5.649-1.011-1.38-2.274-2.07-3.789-2.07-2.295 0-4.12 1.358-5.474 4.075-1.355 2.717-2.032 6.748-2.032 12.093 0 5.765.686 10.088 2.058 12.97 1.373 2.883 3.17 4.325 5.395 4.325 1.1 0 2.203-.404 3.31-1.21a12.102 12.102 0 002.848-2.932v-6.162h-6.016z"></path></g></g></svg><svg id="svg-energyB" fill-rule="evenodd" stroke-linejoin="round" stroke-miterlimit="1.5" clip-rule="evenodd" viewBox="0 0 192 106"><g transform="matrix(.95914 0 0 .52549 -.237 -.14)"><path fill="none" d="M.247.266h200.047v200.047H.247z"></path><clippath id="ls_energyB__a"><path d="M.247.266h200.047v200.047H.247z"></path></clippath><g clip-path="url(#ls_energyB__a)"><path fill="#50b848" stroke="#000" stroke-width="3.65" d="M2224.74 162.973V390.41h-299.81l-113.35-113.357 113.49-113.485 299.67-.595z" transform="matrix(.47608 0 0 .86895 -859.767 -140.466)"></path><path fill="#fff" d="M157.384 2.885H198.5v194.334h-41.115z"></path><path fill="#fff" fill-rule="nonzero" stroke="#000" stroke-miterlimit="2" stroke-width="1.77" d="M85.552-64.646h34.336c6.797 0 11.866.283 15.205.849 3.34.567 6.329 1.748 8.965 3.545 2.637 1.797 4.834 4.19 6.592 7.178 1.758 2.988 2.637 6.338 2.637 10.049 0 4.023-1.084 7.715-3.252 11.074-2.168 3.359-5.108 5.879-8.819 7.558 5.235 1.524 9.258 4.122 12.071 7.793 2.812 3.672 4.219 7.989 4.219 12.95 0 3.906-.909 7.705-2.725 11.396-1.816 3.692-4.297 6.641-7.441 8.848-3.145 2.207-7.022 3.564-11.631 4.072-2.891.313-9.864.508-20.918.586H85.552v-85.898zm17.344 14.296v19.864h11.367c6.758 0 10.957-.098 12.598-.293 2.969-.352 5.303-1.377 7.002-3.076 1.699-1.7 2.549-3.936 2.549-6.709 0-2.657-.733-4.815-2.197-6.475-1.465-1.66-3.643-2.666-6.534-3.018-1.718-.195-6.66-.293-14.824-.293h-9.961zm0 34.161V6.779h16.055c6.25 0 10.215-.175 11.894-.527 2.578-.469 4.678-1.611 6.299-3.428 1.621-1.816 2.432-4.248 2.432-7.295 0-2.578-.625-4.765-1.875-6.562-1.25-1.797-3.057-3.106-5.42-3.926-2.363-.82-7.49-1.23-15.381-1.23h-14.004z" transform="matrix(.5398 0 0 1.16359 33.423 123.912)"></path><path fill="#030" d="M181.452 79.198c0-2.15-.956-3.895-2.133-3.895h-.05c-1.176 0-2.132 1.744-2.132 3.895v41.28c0 2.15.956 3.895 2.133 3.895h.049c1.177 0 2.133-1.745 2.133-3.895v-41.28z"></path><path fill="#030" d="M180.688 76.443c-.833-1.52-2.185-1.52-3.018 0l-.034.063c-.832 1.52-.832 3.987 0 5.507l6.006 10.961c.833 1.52 2.185 1.52 3.017.001l.035-.063c.832-1.52.832-3.987 0-5.507l-6.006-10.962z"></path><path fill="#030" d="M180.555 82.014c.833-1.52.833-3.988 0-5.507l-.034-.064c-.832-1.519-2.184-1.519-3.017.001l-6.005 10.962c-.833 1.52-.833 3.987 0 5.507l.034.063c.832 1.519 2.184 1.519 3.017-.001l6.005-10.961z"></path><path fill="#003100" fill-rule="nonzero" d="M192.216 63.097h-5.707l-2.253-11.06h-10.431l-2.145 11.06h-5.56l10.14-48.583h5.56l10.396 48.583zm-9.668-19.202l-3.562-18.05-3.526 18.05h7.088z"></path><path fill="#003e00" fill-rule="nonzero" d="M181.332 167.654v-8.184h11.323v19.35c-1.1 1.987-2.695 3.737-4.783 5.25-2.088 1.514-4.203 2.27-6.345 2.27-2.72 0-5.093-1.066-7.116-3.197-2.023-2.132-3.544-5.18-4.56-9.144-1.019-3.965-1.527-8.278-1.527-12.938 0-5.058.568-9.553 1.704-13.485 1.135-3.931 2.798-6.946 4.986-9.045 1.668-1.612 3.745-2.418 6.23-2.418 3.23 0 5.752 1.264 7.568 3.794 1.816 2.528 2.985 6.024 3.505 10.486l-5.217 1.822c-.367-2.385-1.056-4.269-2.068-5.65-1.011-1.38-2.274-2.07-3.789-2.07-2.295 0-4.12 1.358-5.474 4.075-1.355 2.717-2.032 6.748-2.032 12.093 0 5.765.686 10.089 2.058 12.971 1.373 2.883 3.17 4.324 5.395 4.324 1.1 0 2.204-.403 3.31-1.21a12.102 12.102 0 002.848-2.932v-6.162h-6.016z"></path></g></g></svg><svg id="svg-energyC" fill-rule="evenodd" stroke-linejoin="round" stroke-miterlimit="1.5" clip-rule="evenodd" viewBox="0 0 192 106"><g transform="matrix(.95914 0 0 .52549 -.237 -.14)"><path fill="none" d="M.247.266h200.047v200.047H.247z"></path><clippath id="ls_energyC__a"><path d="M.247.266h200.047v200.047H.247z"></path></clippath><g clip-path="url(#ls_energyC__a)"><path fill="#b7d933" stroke="#000" stroke-width="3.65" d="M2224.74 162.973V390.41h-299.81l-113.35-113.357 113.49-113.485 299.67-.595z" transform="matrix(.47608 0 0 .86895 -859.77 -140.466)"></path><path fill="#fff" d="M157.384 2.885H198.5V197.22h-41.115z"></path><path fill="#fff" fill-rule="nonzero" stroke="#000" stroke-miterlimit="2" stroke-width="1.77" d="M140.455-10.33l16.816 5.332c-2.578 9.375-6.865 16.338-12.861 20.889-5.996 4.55-13.604 6.826-22.822 6.826-11.407 0-20.782-3.897-28.125-11.69C86.119 3.234 82.447-7.42 82.447-20.935c0-14.297 3.691-25.401 11.074-33.311s17.09-11.865 29.121-11.865c10.508 0 19.043 3.105 25.606 9.316 3.906 3.672 6.836 8.945 8.789 15.82l-17.168 4.102c-1.016-4.453-3.135-7.969-6.358-10.547-3.222-2.578-7.138-3.867-11.748-3.867-6.367 0-11.533 2.285-15.498 6.855-3.965 4.571-5.947 11.973-5.947 22.207 0 10.86 1.953 18.594 5.859 23.204 3.907 4.609 8.985 6.914 15.235 6.914 4.609 0 8.574-1.465 11.894-4.395 3.321-2.93 5.703-7.539 7.149-13.828z" transform="matrix(.5398 0 0 1.16359 33.423 123.912)"></path><path fill="#030" d="M181.452 79.198c0-2.15-.956-3.895-2.133-3.895h-.05c-1.176 0-2.132 1.745-2.132 3.895v41.28c0 2.15.956 3.895 2.133 3.895h.049c1.177 0 2.133-1.744 2.133-3.895v-41.28z"></path><path fill="#030" d="M180.688 76.444c-.833-1.52-2.185-1.52-3.018 0l-.034.062c-.833 1.52-.833 3.987 0 5.507l6.006 10.962c.832 1.52 2.185 1.52 3.017 0l.034-.063c.833-1.519.833-3.987 0-5.507l-6.005-10.961z"></path><path fill="#030" d="M180.555 82.014c.833-1.52.833-3.988 0-5.507l-.034-.063c-.832-1.52-2.184-1.52-3.017 0l-6.006 10.962c-.832 1.52-.832 3.988 0 5.507l.035.063c.832 1.52 2.184 1.52 3.017 0l6.005-10.962z"></path><path fill="#003100" fill-rule="nonzero" d="M192.216 63.098h-5.707l-2.253-11.06h-10.431l-2.145 11.06h-5.56l10.14-48.583h5.56l10.396 48.583zm-9.668-19.203l-3.562-18.049-3.526 18.05h7.088z"></path><path fill="#003e00" fill-rule="nonzero" d="M181.332 167.655v-8.184h11.323v19.349c-1.1 1.988-2.695 3.738-4.783 5.251-2.089 1.513-4.203 2.27-6.345 2.27-2.72 0-5.093-1.066-7.116-3.197-2.024-2.132-3.544-5.18-4.561-9.145-1.018-3.965-1.526-8.277-1.526-12.938 0-5.057.568-9.553 1.703-13.484 1.136-3.932 2.798-6.947 4.987-9.045 1.668-1.612 3.745-2.419 6.23-2.419 3.23 0 5.752 1.265 7.568 3.794 1.816 2.529 2.985 6.024 3.505 10.486l-5.217 1.822c-.367-2.385-1.056-4.268-2.068-5.649-1.011-1.38-2.274-2.07-3.789-2.07-2.295 0-4.12 1.358-5.474 4.075-1.355 2.717-2.032 6.748-2.032 12.093 0 5.765.686 10.088 2.058 12.97 1.373 2.883 3.17 4.325 5.395 4.325 1.1 0 2.203-.404 3.31-1.21a12.102 12.102 0 002.848-2.932v-6.162h-6.016z"></path></g></g></svg><svg id="svg-energyD" fill-rule="evenodd" stroke-linejoin="round" stroke-miterlimit="1.5" clip-rule="evenodd" viewBox="0 0 192 106"><g transform="matrix(.95914 0 0 .52549 -.237 -.14)"><path fill="none" d="M.247.266h200.047v200.047H.247z"></path><clippath id="ls_energyD__a"><path d="M.247.266h200.047v200.047H.247z"></path></clippath><g clip-path="url(#ls_energyD__a)"><path fill="#ffed0e" stroke="#000" stroke-width="3.65" d="M2224.74 162.973V390.41h-299.81l-113.35-113.357 113.49-113.485 299.67-.595z" transform="matrix(.47608 0 0 .86895 -859.77 -140.466)"></path><path fill="#fff" d="M157.384 2.885H198.5V197.22h-41.115z"></path><text x="76.763" y="21.252" fill="#fff" stroke="#000" stroke-miterlimit="2" stroke-width="1.77" font-family="Arial-BoldMT,Arial,sans-serif" font-size="120" font-weight="700" transform="matrix(.5398 0 0 1.16359 33.423 123.912)">D</text><path fill="#030" d="M181.452 79.198c0-2.15-.956-3.895-2.133-3.895h-.05c-1.176 0-2.132 1.745-2.132 3.895v41.28c0 2.15.956 3.895 2.133 3.895h.049c1.177 0 2.133-1.744 2.133-3.895v-41.28z"></path><path fill="#030" d="M180.688 76.444c-.833-1.52-2.185-1.52-3.018 0l-.034.062c-.833 1.52-.833 3.987 0 5.507l6.006 10.962c.832 1.52 2.185 1.52 3.017 0l.034-.063c.833-1.519.833-3.987 0-5.507l-6.005-10.961z"></path><path fill="#030" d="M180.555 82.014c.833-1.52.833-3.988 0-5.507l-.034-.063c-.832-1.52-2.184-1.52-3.017 0l-6.006 10.962c-.832 1.52-.832 3.988 0 5.507l.035.063c.832 1.52 2.184 1.52 3.017 0l6.005-10.962z"></path><path fill="#003100" fill-rule="nonzero" d="M192.216 63.098h-5.707l-2.253-11.06h-10.431l-2.145 11.06h-5.56l10.14-48.583h5.56l10.396 48.583zm-9.668-19.203l-3.562-18.049-3.526 18.05h7.088z"></path><path fill="#003e00" fill-rule="nonzero" d="M181.332 167.655v-8.184h11.323v19.349c-1.1 1.988-2.695 3.738-4.783 5.251-2.089 1.513-4.203 2.27-6.345 2.27-2.72 0-5.093-1.066-7.116-3.197-2.024-2.132-3.544-5.18-4.561-9.145-1.018-3.965-1.526-8.277-1.526-12.938 0-5.057.568-9.553 1.703-13.484 1.136-3.932 2.798-6.947 4.987-9.045 1.668-1.612 3.745-2.419 6.23-2.419 3.23 0 5.752 1.265 7.568 3.794 1.816 2.529 2.985 6.024 3.505 10.486l-5.217 1.822c-.367-2.385-1.056-4.268-2.068-5.649-1.011-1.38-2.274-2.07-3.789-2.07-2.295 0-4.12 1.358-5.474 4.075-1.355 2.717-2.032 6.748-2.032 12.093 0 5.765.686 10.088 2.058 12.97 1.373 2.883 3.17 4.325 5.395 4.325 1.1 0 2.203-.404 3.31-1.21a12.102 12.102 0 002.848-2.932v-6.162h-6.016z"></path></g></g></svg><svg id="svg-energyE" fill-rule="evenodd" stroke-linejoin="round" stroke-miterlimit="1.5" clip-rule="evenodd" viewBox="0 0 192 106"><g transform="matrix(.95914 0 0 .52549 -.237 -.14)"><path fill="none" d="M.247.266h200.047v200.047H.247z"></path><clippath id="ls_energyE__a"><path d="M.247.266h200.047v200.047H.247z"></path></clippath><g clip-path="url(#ls_energyE__a)"><path fill="#ffbe04" stroke="#000" stroke-width="3.65" d="M2224.74 162.973V390.41h-299.81l-113.35-113.357 113.49-113.485 299.67-.595z" transform="matrix(.47608 0 0 .86895 -859.77 -140.466)"></path><path fill="#fff" d="M157.384 2.885H198.5V197.22h-41.115z"></path><path fill="#fff" fill-rule="nonzero" stroke="#000" stroke-miterlimit="2" stroke-width="1.77" d="M85.494 21.252v-85.898h63.691v14.531h-46.347v19.043h43.125V-16.6h-43.125V6.779h47.988v14.473H85.494z" transform="matrix(.5398 0 0 1.16359 33.423 123.912)"></path><path fill="#030" d="M181.452 79.198c0-2.15-.956-3.895-2.133-3.895h-.05c-1.176 0-2.132 1.745-2.132 3.895v41.28c0 2.15.956 3.895 2.133 3.895h.049c1.177 0 2.133-1.744 2.133-3.895v-41.28z"></path><path fill="#030" d="M180.688 76.444c-.833-1.52-2.185-1.52-3.018 0l-.034.062c-.833 1.52-.833 3.987 0 5.507l6.006 10.962c.832 1.52 2.185 1.52 3.017 0l.034-.063c.833-1.519.833-3.987 0-5.507l-6.005-10.961z"></path><path fill="#030" d="M180.555 82.014c.833-1.52.833-3.988 0-5.507l-.034-.063c-.832-1.52-2.184-1.52-3.017 0l-6.006 10.962c-.832 1.52-.832 3.988 0 5.507l.035.063c.832 1.52 2.184 1.52 3.017 0l6.005-10.962z"></path><path fill="#003100" fill-rule="nonzero" d="M192.216 63.098h-5.707l-2.253-11.06h-10.431l-2.145 11.06h-5.56l10.14-48.583h5.56l10.396 48.583zm-9.668-19.203l-3.562-18.049-3.526 18.05h7.088z"></path><path fill="#003e00" fill-rule="nonzero" d="M181.332 167.655v-8.184h11.323v19.349c-1.1 1.988-2.695 3.738-4.783 5.251-2.089 1.513-4.203 2.27-6.345 2.27-2.72 0-5.093-1.066-7.116-3.197-2.024-2.132-3.544-5.18-4.561-9.145-1.018-3.965-1.526-8.277-1.526-12.938 0-5.057.568-9.553 1.703-13.484 1.136-3.932 2.798-6.947 4.987-9.045 1.668-1.612 3.745-2.419 6.23-2.419 3.23 0 5.752 1.265 7.568 3.794 1.816 2.529 2.985 6.024 3.505 10.486l-5.217 1.822c-.367-2.385-1.056-4.268-2.068-5.649-1.011-1.38-2.274-2.07-3.789-2.07-2.295 0-4.12 1.358-5.474 4.075-1.355 2.717-2.032 6.748-2.032 12.093 0 5.765.686 10.088 2.058 12.97 1.373 2.883 3.17 4.325 5.395 4.325 1.1 0 2.203-.404 3.31-1.21a12.102 12.102 0 002.848-2.932v-6.162h-6.016z"></path></g></g></svg><svg id="svg-energyF" fill-rule="evenodd" stroke-linejoin="round" stroke-miterlimit="1.5" clip-rule="evenodd" viewBox="0 0 192 106"><g transform="matrix(.95914 0 0 .52549 -.237 -.14)"><path fill="none" d="M.247.266h200.047v200.047H.247z"></path><clippath id="ls_energyF__a"><path d="M.247.266h200.047v200.047H.247z"></path></clippath><g clip-path="url(#ls_energyF__a)"><path fill="#ff5f1e" stroke="#000" stroke-width="3.65" d="M2224.74 162.973V390.41h-299.81l-113.35-113.357 113.49-113.485 299.67-.595z" transform="matrix(.47608 0 0 .86895 -859.77 -140.466)"></path><path fill="#fff" d="M157.384 2.885H198.5V197.22h-41.115z"></path><path fill="#fff" fill-rule="nonzero" stroke="#000" stroke-miterlimit="2" stroke-width="1.77" d="M85.611 21.252v-85.898h58.887v14.531h-41.543v20.332h35.859v14.531h-35.859v36.504H85.611z" transform="matrix(.5398 0 0 1.16359 33.423 123.912)"></path><path fill="#030" d="M181.452 79.198c0-2.15-.956-3.895-2.133-3.895h-.05c-1.176 0-2.132 1.745-2.132 3.895v41.28c0 2.15.956 3.895 2.133 3.895h.049c1.177 0 2.133-1.744 2.133-3.895v-41.28z"></path><path fill="#030" d="M180.688 76.444c-.833-1.52-2.185-1.52-3.018 0l-.034.062c-.833 1.52-.833 3.987 0 5.507l6.006 10.962c.832 1.52 2.185 1.52 3.017 0l.034-.063c.833-1.519.833-3.987 0-5.507l-6.005-10.961z"></path><path fill="#030" d="M180.555 82.014c.833-1.52.833-3.988 0-5.507l-.034-.063c-.832-1.52-2.184-1.52-3.017 0l-6.006 10.962c-.832 1.52-.832 3.988 0 5.507l.035.063c.832 1.52 2.184 1.52 3.017 0l6.005-10.962z"></path><path fill="#003100" fill-rule="nonzero" d="M192.216 63.098h-5.707l-2.253-11.06h-10.431l-2.145 11.06h-5.56l10.14-48.583h5.56l10.396 48.583zm-9.668-19.203l-3.562-18.049-3.526 18.05h7.088z"></path><path fill="#003e00" fill-rule="nonzero" d="M181.332 167.655v-8.184h11.323v19.349c-1.1 1.988-2.695 3.738-4.783 5.251-2.089 1.513-4.203 2.27-6.345 2.27-2.72 0-5.093-1.066-7.116-3.197-2.024-2.132-3.544-5.18-4.561-9.145-1.018-3.965-1.526-8.277-1.526-12.938 0-5.057.568-9.553 1.703-13.484 1.136-3.932 2.798-6.947 4.987-9.045 1.668-1.612 3.745-2.419 6.23-2.419 3.23 0 5.752 1.265 7.568 3.794 1.816 2.529 2.985 6.024 3.505 10.486l-5.217 1.822c-.367-2.385-1.056-4.268-2.068-5.649-1.011-1.38-2.274-2.07-3.789-2.07-2.295 0-4.12 1.358-5.474 4.075-1.355 2.717-2.032 6.748-2.032 12.093 0 5.765.686 10.088 2.058 12.97 1.373 2.883 3.17 4.325 5.395 4.325 1.1 0 2.203-.404 3.31-1.21a12.102 12.102 0 002.848-2.932v-6.162h-6.016z"></path></g></g></svg><svg id="svg-explosive" fill-rule="evenodd" stroke-linejoin="round" stroke-miterlimit="2" clip-rule="evenodd" viewBox="0 0 111 111"><g transform="translate(.303 .118) scale(.99222)"><path fill="none" d="M-.306-.119h110.889V110.77H-.306z"></path><clippath id="ls_explosive__a"><path d="M-.306-.119h110.889V110.77H-.306z"></path></clippath><g fill-rule="nonzero" clip-path="url(#ls_explosive__a)"><path fill="#fff" d="M3.713 55.838l51.568 51.568 51.567-51.568L55.281 4.27 3.713 55.838z"></path><path fill="red" d="M27.54 28.097L-.031 55.667 55.11 110.81l55.482-55.482-27.57-27.57C67.874 12.61 55.45.186 55.28.186c0 .34-12.595 12.764-27.741 27.911zm50.886 4.425l23.316 23.316-23.316 23.146L55.11 102.3 8.648 55.838 55.281 9.206s10.381 10.552 23.145 23.316z"></path><path fill="#010101" d="M60.216 26.055s-1.872 5.106-3.914 11.232c-2.213 6.127-3.915 11.063-3.915 11.063h-.17s4.595-14.296 4.595-14.466l-.34-.34c-.34-.171-.51-.341-.51-.171L52.216 48.35h-.17c-.34 0-.851-.17-1.191-.17h-1.532c-1.532.17-2.723.85-3.744 1.872-.681.85-1.362 1.701-1.702 2.723v.17s-.51-.34-1.362-1.021l-1.361-1.021s0 .17.17.34l.17.34 1.191.681c1.022.68 1.192.68 1.022.851 0 0 0 .17.34.34.17.17.34.511.51.511l.17.17h.681l.681.34c.34.17.51.34.51.34s-.34-.17-.51-.34c-.34-.17-.51-.34-.51-.34h1.872l2.723 1.362s.34-.34.68-.851c.341-.51.681-.851.852-.851 0 0 0-.17-.34-.851-.171-.51-.341-.851-.341-.851s.51 0 1.02.17c.511 0 1.022.17 1.022.17s0-.34.17-.68l.17-.681h1.362l-1.532 1.702c-.85 1.02-1.531 1.702-1.531 1.702l2.042-2.043 1.361-1.531h1.021l-.17-.17s-.17-.17-.17-.341l-.17-.17 1.021-1.021v.34l1.362-.68s0 .17.17.51c0 .34.17.51.17.51s2.212-1.702 2.383-1.872c0 0 .34-.51.68-1.191.34-.68.681-1.191.681-1.191s-.51.34-1.021.85l-1.021.852h-1.532s.34-.34 6.638-6.808l6.807-6.808-.68-.68s-3.064 3.403-6.808 7.488l-6.808 7.488-.51.34c-.34.17-.511.341-.511.341v.34s-.68.851-.85 1.022l-.171-.17c-.34-.341-.68-.511-1.021-.852l-.17-.17 3.403-5.786c2.723-4.595 3.404-5.787 3.404-5.787s-.17-.17-.34-.17l-.34-.17v.17s-1.362 2.723-3.064 5.957c-1.702 3.404-3.063 5.956-3.063 5.956v-.17s1.872-5.105 4.084-11.232c2.213-6.127 3.914-11.063 3.914-11.063-.85.17-2.042-.51-2.212-.51zm-6.808 8.51l-.34 1.02-.34-.17c-.17 0-.34-.17-.34-.17s-.17.34-.17.851c-.171.51-.171.851-.171.851l.34.17c.17.17.34.17.34.17s.17.34.17.681c.171.34.171.68.171.68s.17-.17.34-.51c.34-.51.34-.51 1.362-1.702l-.68-2.042h-.682v.17zm25.189 4.594c0 .17-.681 2.043-.681 2.043h-1.702l-.34.34-.17 1.532 1.36.85s.171-.34.511-.51l.511-.51 2.042 1.361v-2.723l-.68-1.191a29.26 29.26 0 01-.851-1.192zm-18.381.681l-.34.34-.17.34-.17.682c0 .34-.17.68-.17.68l.51.511c.34.17.51.34.51.34l.681-.68v-.34c0-.17.17-.511.17-.511v-.17l-.17-.511c-.17-.34-.17-.51-.17-.51s-.17 0-.17.17l-.17.17-.17-.17-.171-.34zm11.233 1.021s-4.085 2.894-9.02 6.297c-4.936 3.574-9.02 6.297-9.02 6.297s4.084-2.552 9.02-5.616l9.02-5.616V40.86zm-1.702 4.936l-.681.68-.17.511c-.17.34-.17.51-.17.51l3.233.341-1.021-1.021-1.191-1.021zm14.806.34s-7.148 1.872-15.998 4.085c-8.68 2.212-15.827 4.084-15.827 4.084l32.336-7.318-.51-.85zm-18.72 2.213s-2.383 1.191-5.277 2.553c-2.893 1.361-5.275 2.552-5.275 2.552l10.721-4.084v-.51c-.17-.341-.17-.511-.17-.511zm22.975 1.02s-7.829 1.362-17.53 2.894c-9.53 1.702-17.53 2.893-17.53 2.893s-.17 0-.17-.17l-.17-.17v1.361l-.51.34c-.34.171-.51.341-.51.341s-.17-.17-.511-.34c-.681-.51-.681-.51 0 0 .34.17.51.34.51.34l-.85.68s-2.213-1.871-2.724-2.382l-.17-.17-1.021.851c-.51.51-1.021.851-1.021.851s-.51-.17-1.192-.34l-1.19-.34h1.02c.34 0-.51 0-1.531-.171-.17 0-1.192 0-2.213-.17l-1.872-.17h-1.361l-.34-.34h-1.533v.34h-.17s-2.042-.17-4.255-.34c-2.382-.17-4.254-.341-4.254-.341l.17.17c.17.17.17.17.34.17 0 0 1.872 0 4.085.17 2.212.17 3.914.17 4.084.17 0 0 0 .17-.17.341-.17.17-.17.34-.17.34s.34.17.51.34l.511.341.68.17c.341 0 .682.17.682.17s.17-.17.17-.34l.17-.34h.68v-.851s3.915.17 4.085.17c0 0 .17.51.17.68v.171s-4.935.51-10.892 1.191c-5.956.681-10.892 1.192-10.892 1.192v.51s4.936-.68 10.892-1.531c5.957-.851 10.893-1.532 10.893-1.532v.17s0 .17.17.34v.17s-3.574.852-8.17 1.873c-4.424 1.02-8.168 1.872-8.168 1.872l-.17.34v.34s16.338-4.084 16.508-4.084v.34s-1.192.34-2.723.681l-2.723.68v.682s1.191-.34 2.893-.851c2.893-.851 2.893-1.021 2.893-.851 0 0-2.042 1.02-4.425 2.382l-4.425 2.383v.34l4.425-2.552c2.383-1.362 4.425-2.553 4.425-2.553l.17.17c.17.17.34.51.51.68v.17s-2.382 1.873-5.105 4.085l-5.105 4.085.68.68s.681-.68 3.064-2.722a326.666 326.666 0 013.063-2.723v.34l.68.68.682-.34.34.34.68-.34.171-.51c0-.34.17-.51.17-.51s-.17-.17-.34-.17l-.34-.171h-1.022l1.362-1.191a14.302 14.302 0 011.361-1.192l.851.851c1.192 1.021 2.553 1.532 4.085 1.362 1.191 0 2.212-.34 3.233-1.021.34-.34.681-.511 1.022-.851l.17-.17 3.574 2.893a472.383 472.383 0 003.574 2.893s-.17-.17-.17-.51l-.17-.511-6.468-4.766s.17-.17.17-.34.17-.17.17-.17 2.043 1.532 4.425 3.404a278.429 278.429 0 004.425 3.403l.34-.34s-2.042-1.532-4.594-3.234c-2.553-1.872-4.595-3.233-4.595-3.403v-.17c0-.17.17-.17.17-.17s1.872 1.19 4.084 2.552a358.552 358.552 0 014.085 2.553s-.17-.17-.17-.51l-.17-.511-7.83-4.425.17-.34c0-.17.171-.34.171-.34v-.171l2.383.68c1.361.341 2.382.681 2.382.681l-.17.34s-.34 0-.68-.17c-.34 0-.681-.17-.681-.17s-.17.17-.17.34l-.17.341.51.34c.34.17.68.511.68.511l.341.17 4.085.681v-1.021l-.681-.68-.34-.171c-.17-.17-.34-.17-.34-.17s1.19.34 2.722.68c1.532.341 2.723.681 2.893.681 0 0 0-.34.17-.85 0-.511.17-.852.17-.852s-2.893-.34-6.296-.85c-3.404-.511-6.297-.851-6.297-.851v-.34c0-.171.17-.341.17-.341s-.17 0-.51-.17l-.511-.17-.17-.17c0-.171-.17-.171-.17-.171s2.722.17 5.956.34l5.957.34h2.042l7.658.341c4.255.17 7.659.34 7.659.34s-.17-.17-.34-.17l-.34-.17-7.319-.17c-3.914-.17-7.318-.17-7.318-.17s.17-.34.51-.681c.34-.34.511-.68.511-.68s-.85-.341-1.872-.852c-1.021-.51-1.872-.85-1.872-.85l-1.021 1.02-.681.17c-.34.17-.68.17-.68.17s0 .341.17.682c.17.34.17.68.17.68s-2.213 0-4.766-.17a63.78 63.78 0 01-4.765-.17l-.17-.17c0-.17-.17-.17-.681-.51l-.51-.341h.17s7.999-1.021 17.53-2.383l17.359-2.382v-.511l.34-.17zm-49.015 2.894v.34l2.893 1.362a79.54 79.54 0 012.894 1.361s-1.362-.68-2.894-1.531c-1.361-.681-2.723-1.362-2.893-1.532zm-2.553 1.702s-.17.17-.34.17-.34.17-.34.17l8.68 1.362c0 .17-8-1.702-8-1.702zm1.022 2.212zm28.251.34s.17 0 .17.171l.17.17h-1.361c0-.17 1.021-.34 1.021-.34zm-21.274 0zm-13.955.511s-.34.17-.51.34l-.511.341v.34l3.063.34c0 .171-2.042-1.36-2.042-1.36zm3.744 3.574l1.191 1.021s.17 0 .34-.17l.341-.17v-.68c0 .17-1.702 0-1.872 0zm-4.255 2.894s-.17.34-.17.68l-.17.681c.34.51 1.191 1.532 1.191 1.532v-.17c0-.17.17-.34.17-.51l.17-.341h.681l.34-.34.17-.341c0-.17.171-.34.171-.34l-1.021-.34-.17.17c0 .17-.17.17-.17.17s-.34-.17-.511-.34c-.34-.341-.68-.511-.68-.511z"></path></g></g></svg><svg id="svg-fairtrade" fill-rule="evenodd" stroke-linejoin="round" stroke-miterlimit="2" clip-rule="evenodd" viewBox="0 0 111 111"><path fill="none" d="M0 0h110.026v110.026H0z"></path><path fill="#010101" d="M.343 7.982h85.485v101.924H.343z"></path><path fill="#6bb6e3" d="M43.415 14.557a36.166 36.166 0 00-19.728 5.918 23.993 23.993 0 00-2.63 11.508c.658 6.905 4.932 12.823 13.152 16.44l12.494 4.274c13.151 4.274 24.987 8.22 24.987 22.686v.329a37.484 37.484 0 008.424-23.676c0-20.392-16.64-37.232-37.028-37.479h.329zm0 .987A36.192 36.192 0 0172.828.419c19.842 0 36.167 16.328 36.167 36.167 0 19.842-16.325 36.167-36.167 36.167h-.151C71.362 59.6 59.525 55.656 47.03 51.71c-3.945-1.315-8.22-2.63-12.494-4.603-7.562-3.288-11.836-8.548-12.494-15.453v-.657a23.019 23.019 0 012.63-9.864c5.261-3.617 11.837-5.59 18.413-5.59h.329zm17.425 24.33c0 2.63-1.315 4.932-3.287 6.576-2.302 1.644-5.261 2.63-8.22 2.301-3.288-.329-5.918-1.973-7.562-4.274-2.982-4.05-2.41-9.772 1.315-13.152 2.301-1.972 5.26-2.959 8.22-2.63 3.287.329 5.589 1.973 7.562 3.946 1.644 2.301 2.301 4.603 1.972 7.233zM43.415 16.2c-6.576 0-12.823 1.973-18.412 5.26a22.031 22.031 0 00-1.973 10.193c0 6.576 4.274 11.508 11.836 14.796 4.274 1.972 8.549 3.288 12.494 4.603 12.165 3.945 23.673 7.89 25.646 19.727a35.501 35.501 0 005.556-19.073c0-19.343-15.805-35.308-35.147-35.506zm16.44 23.673c0 2.301-.987 4.274-2.96 5.918-1.973 1.644-4.932 2.302-7.562 1.973-2.96 0-5.26-1.644-6.905-3.617a8.874 8.874 0 011.315-12.494c1.973-1.644 4.603-2.301 7.563-2.301 2.63.329 5.26 1.972 6.575 3.945 1.644 1.973 2.63 4.274 2.302 6.576h-.329zm-8.55-9.535c-4.931-.329-9.534 2.96-9.863 7.562-.658 4.274 3.288 8.549 7.89 8.877 2.631.33 5.261 0 6.905-1.972 1.644-1.315 2.63-3.288 3.288-5.26 0-4.275-3.288-8.55-8.22-9.207z"></path><path fill="#fff" d="M6.262 93.466h6.575v1.644H8.234v3.288h4.275v1.315H8.234v5.26H6.262V93.467m9.535 6.576h3.287L17.44 95.44l-1.643 4.932v-.329zm.657-6.576h1.973l3.945 11.508H20.4l-.987-3.288h-3.945l-.987 3.288H12.51l3.945-11.508zm7.562 0h1.973v11.508h-1.973V93.466m5.918 5.26h.987c1.315 0 2.63-.328 2.63-1.972 0-1.315-.658-1.973-1.644-1.973h-1.973v3.946zm-1.644-5.26h3.288c2.302 0 3.617.987 3.617 3.288 0 1.644-.986 1.973-1.973 2.302 1.315.329 1.644 1.315 1.973 2.63l.658 3.288H33.88l-.658-2.63c0-1.644-.329-2.302-2.301-2.302h-.658v4.932H28.29V93.466zm11.18 1.644h-2.96v-1.644h7.562v1.644h-2.959v9.864h-1.315V95.11m7.562 3.617h.658c1.315 0 2.63-.329 2.63-1.973 0-1.315-.658-1.973-1.644-1.973H47.36v3.946zm-1.973-5.26h3.288c2.302 0 3.946.986 3.946 3.287 0 1.644-1.315 1.973-2.302 2.302 1.644.329 1.644 1.315 1.973 2.63l.658 3.288h-1.973l-.658-2.63c0-1.644-.329-2.302-2.301-2.302h-.658v4.932h-1.973V93.466zm11.508 6.575h3.288l-1.644-4.603-1.644 4.932v-.329zm.658-6.576h2.301l3.617 11.508h-1.973l-.986-3.288h-3.946l-.986 3.288h-1.973l3.946-11.508zm9.534 9.864h.658c1.973 0 2.959-.658 2.959-4.274 0-2.63-.658-4.275-2.959-4.275h-.658v8.549zm-1.972-9.864h2.63c3.617 0 4.932 1.644 4.932 5.59 0 5.26-2.63 5.918-4.932 5.918h-2.63V93.466zm9.535 0h6.575v1.644h-5.26v3.288h4.603v1.315h-4.603v3.617h4.931v1.644h-6.575V93.466"></path><path fill="#bed832" d="M16.783 26.065a37.492 37.492 0 00-10.37 25.882c0 16.541 10.952 31.218 26.81 35.93 1.972-3.946 2.63-7.233 2.63-10.521 0-9.206-6.576-16.11-13.48-23.673l-.987-.986a23.024 23.024 0 01-6.576-16.44c0-4.274 1.315-7.89 1.973-9.863v-.33zm-2.302 4.932l-.657 5.59c0 6.575 2.301 12.164 6.576 17.096l1.315.986c6.904 7.563 13.151 14.138 13.151 23.016.089 3.15-.47 6.283-1.644 9.206C18.154 82.192 7.823 68.146 7.823 52.365a36.18 36.18 0 016.987-21.368h-.329zM8.563 52.039c0 15.124 9.864 28.933 24.002 33.865.986-3.288 1.644-5.59 1.644-8.22 0-8.548-5.919-15.124-13.152-22.686l-.986-.986a25 25 0 01-6.576-17.426v-2.63c-3.288 5.26-4.932 11.836-4.932 18.083z"></path></svg><svg id="svg-flag" fill-rule="evenodd" stroke-linejoin="round" stroke-miterlimit="2" clip-rule="evenodd" viewBox="0 0 111 111"><g transform="translate(.303 .118) scale(.99222)"><path fill="none" d="M-.306-.119h110.889V110.77H-.306z"></path><clippath id="ls_flag__a"><path d="M-.306-.119h110.889V110.77H-.306z"></path></clippath><g clip-path="url(#ls_flag__a)"><path fill="#006aa7" d="M-.167 20.384h110.804v69.253H-.167z"></path><path fill="#fecc00" d="M34.46 20.384h13.85v69.253H34.46z"></path><path fill="#fecc00" d="M-.167 48.085h110.804v13.85H-.167z"></path></g></g></svg><svg id="svg-flammable" fill-rule="evenodd" stroke-linejoin="round" stroke-miterlimit="2" clip-rule="evenodd" viewBox="0 0 111 111"><g transform="translate(.303 .118) scale(.99222)"><path fill="none" d="M-.306-.119h110.889V110.77H-.306z"></path><clippath id="ls_flammable__a"><path d="M-.306-.119h110.889V110.77H-.306z"></path></clippath><g fill-rule="nonzero" clip-path="url(#ls_flammable__a)"><path fill="#fff" d="M3.584 55.559l51.648 51.648 51.649-51.648L55.232 3.91 3.584 55.56z"></path><path fill="red" d="M27.448 27.774L-.166 55.388l55.228 55.228 55.569-55.569-27.614-27.614A2293.931 2293.931 0 0055.232-.18c0 .341-12.614 12.784-27.784 27.955zm50.966 4.432l23.353 23.353L78.414 78.74l-23.352 23.352L8.527 55.56 55.232 8.853l23.182 23.353z"></path><path fill="#010101" d="M55.232 22.66c-3.41 6.648.682 10.228-3.92 19.944-2.387-1.875-1.023-9.205-5.966-9.375.681 2.216.17 3.068 0 3.92-.512 3.068-1.535 5.966.51 10.057-3.408-1.704-3.408-4.602-6.306-6.477.511 3.238-.852 9.716 2.898 15.852-3.41-.34-4.432-1.704-8.182-5.113 3.75 19.602 6.648 20.114 20.455 21.307-1.023-.17-8.012-1.193-10.569-9.375-.17-2.046-.17 1.704 6.478 1.875-4.262-6.819-3.069-5.455-2.557-9.376 1.704 2.728.17 2.898 5.284 4.944-1.534-4.944 2.386-8.523 1.534-14.148 1.023 2.557 4.943 2.045 4.773 14.148 3.239-3.58 3.58-1.193 5.114-5.114.17 2.216 1.022 5.114-3.41 9.716 1.194.341 3.069.511 6.137-1.534-2.898 3.41-.341 3.41-7.841 9.034 9.546.17 15.682-5.795 15.512-18.92-.17 1.193-.512 3.409-5.626 4.09a13.657 13.657 0 002.387-14.83c-.852.853-2.216 4.773-5.625 5.796 1.704-2.727 1.363-6.477 1.363-6.477s.512-4.943-2.386-8.693c-.852 5.966-.682 8.863-4.432 9.886.682-3.58.682-5.114-1.193-9.205-1.705-4.09-3.92-8.182-4.432-11.932zM39.55 76.184v3.409h33.41v-3.41H39.55z"></path></g></g></svg><svg id="svg-fran-sverige" fill-rule="evenodd" stroke-linejoin="round" stroke-miterlimit="2" clip-rule="evenodd" viewBox="0 0 111 111"><path fill="none" d="M0 0h110.026v110.026H0z"></path><path fill="#066bb3" fill-rule="nonzero" d="M55.15 109.789c30.223 0 54.778-24.513 54.778-54.778 0-30.265-24.555-54.734-54.777-54.734S.374 24.789.374 55.054c0 30.222 24.512 54.735 54.777 54.735"></path><path fill="#fed500" fill-rule="nonzero" d="M3.078 72.355s.43 1.245.816 2.447c.257.772 1.03 2.146 1.03 2.146s28.29 6.869 48.94 8.672c28.29 2.533 46.534.515 46.534.515s1.417-1.889 2.876-4.55c2.404-4.25 2.748-6.225 2.748-6.225s-10.26 1.717-37.348 2.833c-27.56 1.16-65.596-5.838-65.596-5.838m63.363-7.556h3.778V51.02h-3.778V64.8zm-6.139-9.1c0 .9-.515 1.287-1.717 1.287h-2.36V54.41h2.36c1.16 0 1.717.387 1.717 1.288M64.51 64.8l-3.09-4.894c1.76-.644 2.661-2.06 2.661-4.25 0-3.09-1.846-4.636-5.366-4.636h-6.268V64.8h3.778v-4.464h1.374l2.49 4.464h4.421zm-21.078-3.348v-1.975h5.195v-3.048H43.43V54.41h6.697v-3.348H39.654v13.78h10.474v-3.348l-6.697-.043zm-20.348-.902c0-2.747-1.417-3.992-4.937-4.336-1.76-.171-2.232-.429-2.232-1.03 0-.73.687-1.116 1.975-1.116 1.717 0 3.22.558 4.164 1.502h.171v-3.863c-.815-.558-2.575-.902-4.25-.902-3.691 0-5.795 1.675-5.795 4.594 0 2.661 1.417 3.906 4.937 4.207 1.76.129 2.275.43 2.275 1.03 0 .73-.644 1.116-2.103 1.116-1.803 0-3.52-.6-4.808-1.674h-.172v3.864c1.116.73 2.79 1.073 5.108 1.073 3.65 0 5.667-1.589 5.667-4.465m14.896-9.53h-3.95l-3.047 8.8h-.043l-3.048-8.8h-4.035l5.194 13.78h3.735l5.194-13.78zm-.3-13.523h4.894V35.05H34.93v10.046h2.748v-3.563h3.778v-2.447h-3.778v-1.589zm12.149.945c0 .644-.387.944-1.245.944h-1.717v-1.889h1.717c.858 0 1.245.3 1.245.945m3.09 6.654l-2.275-3.563c1.288-.473 1.975-1.503 1.975-3.091 0-2.232-1.33-3.392-3.906-3.392h-4.594v10.046h2.748v-3.263h1.03l1.803 3.263h3.22zm7.084-12.235a.587.587 0 01-.601.601.587.587 0 01-.601-.601c0-.343.257-.601.6-.601.344 0 .602.258.602.601m1.159 0c0-1.03-.773-1.76-1.76-1.76-1.03 0-1.76.773-1.76 1.76 0 1.03.773 1.76 1.76 1.76.987.043 1.76-.73 1.76-1.76m-.644 8.5H58.2l1.116-3.134h.043l1.16 3.134zm1.374 3.735h2.962L60.733 35.05H58.07l-4.12 10.045h2.876l.515-1.46h4.036l.515 1.46zm10.303 0h3.176V35.049H72.71v5.753h-.043l-2.92-5.753h-3.648v10.046h2.661V38.44h.043l3.392 6.654zm7.856 19.919c2.017 0 3.52-.258 4.808-.902v-7.34h-6.053v3.09h2.447v1.76c-.344.043-.644.043-.988.043-2.532 0-4.12-1.416-4.12-3.734 0-2.319 1.588-3.735 4.12-3.735 1.76 0 3.306.558 4.465 1.631h.172V51.75c-1.288-.644-2.79-.902-4.808-.902-4.808 0-7.813 2.705-7.813 7.084 0 4.335 3.005 7.083 7.77 7.083m7.426-.215h10.475v-3.348h-6.697v-1.975h5.195v-3.09h-5.195v-2.019h6.697V51.02H87.476V64.8z"></path></svg><svg id="svg-fsc" fill-rule="evenodd" stroke-linejoin="round" stroke-miterlimit="2" clip-rule="evenodd" viewBox="0 0 111 111"><path fill="none" d="M0 0h110.026v110.026H0z"></path><path fill="#fff" d="M9.138.221h93.16v109.69H9.138z"></path><path fill="#005c43" fill-rule="nonzero" d="M60.881 3.648c-19.736 0-27.057 30.877-33.742 55.706l-9.55-9.55c-1.59-1.591-3.182-.955-4.137 0a3.191 3.191 0 000 4.138l13.369 13.37c.955.636 2.228 1.273 3.502.636 1.591-.955 1.591-2.546 1.591-2.546C43.692 13.516 54.196 9.378 60.881 9.378c5.73 0 12.415 4.456 12.415 12.732 8.594 0 13.687 11.142 7.003 17.826 5.73 2.865 8.276 6.367 8.276 10.505 0 4.138-3.82 8.594-8.913 8.594s-7.958-3.183-11.778-3.183a3.192 3.192 0 00-3.183 2.547v10.504h-7.64V58.717c0-1.91-.955-3.183-2.546-3.183h-.637l-10.186 1.273c-1.273 0-2.547 1.592-2.547 3.183 0 1.274 1.274 2.865 3.184 2.865h.636l6.367-.955v10.505c0 1.273 1.591 2.546 2.864 2.546h13.688a3.194 3.194 0 002.865-3.183v-9.55a19.087 19.087 0 008.913 2.547c7.64 0 14.643-5.73 14.643-14.642 0-7.958-6.048-11.778-6.048-11.778 3.501-9.55-2.229-18.781-9.55-21.328-2.865-9.55-11.141-13.37-17.826-13.37m-8.276 82.764c0 2.546 2.546 3.82 7.003 6.366 3.82 1.274 5.73 3.183 5.73 4.457 0 2.546-2.547 3.183-4.775 3.183-3.502 0-5.73-1.273-7.003-4.457v-.318h-1.592v1.592l.637 3.183c0 .637.318.955 1.591 1.273l6.367.637c6.366 0 9.55-3.183 9.55-5.73 0-1.91-1.91-3.82-6.367-6.048l-1.91-.955c-2.865-1.273-4.456-2.228-4.456-3.82 0-1.273 1.591-2.228 4.456-2.228 3.183 0 4.138 1.91 4.775 3.502v.318h.318l1.592-.318a.95.95 0 000-.637v-3.183c0-.637-.955-.637-1.91-.955l-4.457-.637c-6.366 0-9.55 1.91-9.55 4.775m19.737 5.73c0 5.093 4.138 10.186 12.732 10.186 4.139 0 6.367-.955 7.958-1.91l.637-.318-.637-.955h-.955c-.636 0-2.546.955-6.366.955-4.138 0-8.595-2.547-8.595-8.595s4.775-7.958 9.232-7.958c3.183 0 4.774.955 5.093 3.183v.637c.636 0 1.591 0 1.591-.955v-3.183c0-.955-.955-.955-1.273-1.274h-4.775c-8.594 0-14.642 4.139-14.642 10.187M47.51 81.954H27.777c-.318 0-.637.319-.637.955 0 0 0 .637.955.637 2.865 0 3.183.318 3.183 1.592v14.006c0 .636 0 .955-3.183.955-.636 0-.955 0-.955.955 0 0 0 .636.637.636h11.141c.637 0 1.273 0 1.273-.636 0-.955-.636-.955-1.91-.955-2.546 0-2.546-.319-2.546-.955v-6.367h2.228c3.183 0 3.82 0 4.138 2.547 0 .636.637.636.955.636.955 0 .955-.318.955-.636v-.955a20.012 20.012 0 010-2.228v-3.82c0-.637-.955-.637-1.273-.637-.637 0-.955.318-1.273 2.228 0 .637-1.592 1.274-3.82 1.274h-1.91v-6.367c0-1.273 0-1.273.637-1.273 1.804-.025 3.606-.025 5.411 0l2.228.318 3.183 2.229.955.636c.319 0 .955 0 .955-.636v-.955l-1.591-3.184zm40.746-71.94h2.228a.64.64 0 00.216-.477.64.64 0 00-.216-.478.632.632 0 000-.636h-2.228v1.591zm3.82 3.184h-.956l-1.591-2.229a1.269 1.269 0 00-.637 0h-.636v1.91h-.637V7.468h3.183l.637.318v.955c.098.312.098.643 0 .955a1.59 1.59 0 01-1.274.637l1.274 1.273.636.955v.637zm-2.229 1.273c.955 0 1.91-.637 2.865-1.273.955-.637 1.273-1.91 1.273-3.184 0-.955-.636-1.91-1.273-2.865a4.147 4.147 0 00-3.183-.955c-.955 0-1.91 0-2.865.955a4.147 4.147 0 00-.955 3.184c0 .955 0 1.91.955 2.865.955.636 1.91 1.273 3.183 1.273zm0-9.231c1.273 0 2.547.636 3.183 1.591 1.274.955 1.592 1.91 1.592 3.183 0 1.592-.318 2.865-1.273 3.82a4.77 4.77 0 01-3.502 1.273c-1.591 0-2.546-.318-3.501-1.273a4.78 4.78 0 01-1.592-3.501c0-1.592.318-2.547 1.592-3.502A4.784 4.784 0 0189.53 5.24h.318z"></path></svg><svg id="svg-gas" fill-rule="evenodd" stroke-linejoin="round" stroke-miterlimit="2" clip-rule="evenodd" viewBox="0 0 111 111"><g transform="translate(.303 .118) scale(.99222)"><path fill="none" d="M-.306-.119h110.889V110.77H-.306z"></path><clippath id="ls_gas__a"><path d="M-.306-.119h110.889V110.77H-.306z"></path></clippath><g fill-rule="nonzero" clip-path="url(#ls_gas__a)"><path fill="#fff" d="M3.575 55.43l51.53 51.529 51.529-51.53-51.53-51.528L3.575 55.43z"></path><path fill="red" d="M27.384 27.71L-.166 55.26l55.1 55.1 55.44-55.44-27.55-27.55C67.69 12.233 55.275-.18 55.105-.18c0 .34-12.584 12.754-27.72 27.89zm50.85 4.421l23.298 23.299-23.299 23.128-23.299 23.299L8.507 55.43 55.104 8.833s10.374 10.544 23.13 23.298z"></path><path fill="#010101" d="M66.839 43.866h-.34c-.17 0-36.054 9.693-36.224 9.693-1.02.34-1.7 1.53-1.87 3.061v1.36c0 .681.17 1.191.34 1.701.68 2.551 2.21 4.422 3.741 4.762h.85c.17 0 35.714-9.523 36.054-9.693.68-.17 1.19-.68 1.53-1.531.17-.51.34-.85.51-1.53.17-.51.17-.68.34-1.02.17-.341.68-.681 1.191-.851 0 0 1.87-.51 3.912-1.02 2.04-.51 3.911-1.021 3.911-1.021.85-.34 1.19-1.7.68-2.721-.34-.51-.68-1.02-1.19-1.19h-.68s-1.871.51-3.912 1.02c-2.04.51-3.741 1.02-3.911 1.02h-.34c-.34 0-.51 0-.85-.17-.34-.17-.511-.34-1.021-.68-.51-.68-1.02-1.02-1.53-1.36-.17-.17-.51-.17-.681-.17-.17.34-.34.34-.51.34z"></path></g></g></svg><svg id="svg-glutenfri" fill-rule="evenodd" stroke-linejoin="round" stroke-miterlimit="2" clip-rule="evenodd" viewBox="0 0 111 111"><path fill="none" d="M0 0h110.026v110.026H0z"></path><path fill="#00b965" d="M97.555 21.469c7.305 9.186 11.646 20.82 11.646 33.457 0 29.871-24.25 54.122-54.122 54.122-12.638 0-24.27-4.34-33.457-11.646L97.555 21.47zM12.603 88.383C5.298 79.197.957 67.564.957 54.926.957 25.056 25.208.804 55.079.804c12.638 0 24.271 4.341 33.457 11.646L12.603 88.383z"></path><path fill="#fff" d="M88.535 12.45a52.738 52.738 0 019.02 9.02L21.621 97.401a52.738 52.738 0 01-9.02-9.019L88.536 12.45z"></path><path fill="#fff" fill-rule="nonzero" d="M84.124 76.888V55.847c0-3.062-3.359-5.829-7.014-5.829H57.353c-7.903 0-8.792 12.052 0 12.052H72.17v12.151c-3.655 2.667-8.792 4.446-14.818 4.446-12.941 0-22.622-8.891-22.622-23.512 0-13.929 11.558-23.51 23.51-23.51 5.138 0 10.275 2.666 13.93 6.223 5.927 5.235 14.62-3.557 8.594-9.484-6.125-6.026-14.719-8.693-22.523-8.693-20.844 0-36.354 15.51-36.354 35.464 0 23.512 14.72 35.366 35.465 35.366 8.693 0 17.287-2.47 24.301-8.298 1.68-1.877 2.47-3.556 2.47-5.335z"></path></svg><svg id="svg-good-env-choice" fill-rule="evenodd" clip-rule="evenodd" viewBox="0 0 111 111"><g transform="translate(.303 .118) scale(.99222)"><path fill="none" d="M-.306-.119h110.889V110.77H-.306z"></path><clippath id="ls_good-env-choice__a"><path d="M-.306-.119h110.889V110.77H-.306z"></path></clippath><g clip-path="url(#ls_good-env-choice__a)"><path fill="#fff" fill-rule="nonzero" d="M111.573 55.59c0 29.912-24.986 54.194-56.306 54.194-30.968 0-55.954-24.634-55.954-54.194C-.687 26.03 24.3.692 55.62.692c30.968 0 55.954 24.633 55.954 54.546"></path><path fill="#fff" fill-rule="nonzero" d="M108.757 55.59c-.573 28.69-24.443 51.927-53.138 51.73-29.56 0-53.49-23.226-53.49-51.73 0-28.505 23.93-52.083 53.138-52.083.236-.003.472-.003.707-.003 28.695 0 52.403 23.394 52.783 52.086"></path><path fill="none" stroke="#009f60" stroke-width="3.519" d="M108.757 55.59c-.573 28.69-24.443 51.927-53.138 51.73-29.56 0-53.49-23.226-53.49-51.73 0-28.505 23.93-52.083 53.138-52.083.236-.003.472-.003.707-.003 28.695 0 52.403 23.394 52.783 52.086z"></path><path fill="#009f60" fill-rule="nonzero" d="M80.253 54.534c1.407-1.408 7.038-.704 7.038-.704 2.815 0 2.815-2.111 2.463-3.519-.704-1.76-2.815-4.927-5.982-7.742-4.223-3.52-8.798-6.334-12.317-8.094l-12.669-5.982-14.076-5.279-4.575-1.408s-.704 0 0 .352c5.184 4.43 10.346 8.89 15.484 13.373 1.408 1.407 2.815 2.815 2.815 3.519l-5.63 3.167c-1.056.704-6.687-1.056-10.558-2.111L26.41 35.179c-1.407-.352-2.463-.704-4.222 1.408-1.76 2.463-1.408 3.519 0 4.222l7.39 4.927a173.505 173.505 0 0110.557 7.038c1.056.352 3.519 2.112 3.519 3.52.018 2.11.018 4.222 0 6.334l-.704.352c-7.038 0-13.372-1.056-17.595-2.112L13.39 58.405c-.352 0-.704 0-.352.704 1.408 1.055 7.39 6.334 17.947 12.317 17.244 9.853 27.45 11.26 31.32 11.26 2.464.353 7.038 0 8.798-.703 2.111-.704 3.519-2.112 3.87-2.815l.705-2.464c-.352-1.056-1.056-1.407-2.112-2.463-1.055-1.408-1.407-3.52-1.407-4.223l9.501-1.056a7.391 7.391 0 014.927 1.056c.352-.704 0-1.408 0-1.408h1.056l1.407.704v-1.408a3.513 3.513 0 00-1.055-2.111 5.645 5.645 0 00-1.408-3.871c-1.056-1.408-4.575-3.871-7.038-5.982l.704-1.408z"></path></g></g></svg><svg id="svg-GOTS" viewBox="0 0 652 652"><path fill="#13a337" d="M320.3 132.6c-104.4 0-188.9 84.6-188.9 188.9 0 104.4 84.6 188.9 188.9 188.9s188.9-84.6 188.9-188.9c0-104.3-84.6-188.9-188.9-188.9"></path><path d="M185 491.2c8.6 6.7 10.8 16.4 3.8 25.3-6.7 8.5-17.3 8.7-25.5 2.3-2.7-2.1-5.5-4.9-7.4-7.7l3.8-4.3c1.3 2.7 3.4 5 5.7 6.9 5.9 4.6 12.6 3.9 17.2-2 4.2-5.3 4.8-11.7-1-16.2-1.4-1.1-2.9-2-4.7-2.6l-4.5 5.7 3.5 2.8-3.1 3.9-8.8-6.9 10.1-12.9c4.1 1.2 7.6 3.2 10.9 5.7m-20-17.1l-25.3 22.6-5-5.6 20.8-18.6-9.7-10.9 4.5-4zm-27.5-36c5.8 9.2 3 17.8-5.9 23.4-8.7 5.5-18 4.3-23.7-4.7-5.8-9.2-3.1-17.8 5.9-23.5 8.8-5.6 18-4.3 23.7 4.8M112.4 454c3.5 5.6 10.4 3.8 15.1.8 4.6-2.9 9.2-8.4 5.7-14-3.6-5.7-10.3-3.9-15.1-.9-4.9 3.1-9.4 8.4-5.7 14.1m6.4-51.4l4.6 11.5-31.6 12.6-5.1-12.9c-2.1-5.2-2.4-11.1 3.7-13.5 4-1.6 7.5-.2 9.9 3.3-.9-4.2.4-8.3 4.7-10 7.4-3 11.4 2.8 13.8 9m-26.9 11.7l1.6 3.9 9-3.6-1.3-3.4c-1.2-3.1-3.5-5.9-7.2-4.4-3.3 1.4-3.2 4.7-2.1 7.5m13.5-4.3l1.2 3 9.9-3.9-1.3-3.3c-1.3-3.2-3.7-6.6-7.6-5-4.4 1.7-3.6 5.8-2.2 9.2m.5-54.3l-7.8 4.6 2.9 14.2 8.9 1.3 1.5 7.3-35.9-6-2-9.7 30.8-19.4 1.6 7.7zm-26.6 15.7l16.4 2.6-2.2-11.1-14.2 8.5zm24.7-33.8l-34 .8-.2-7.5 28-.7-.4-14.6 6-.1zm7.4-70.4c-2.8 10.5-11 14.3-21.2 11.6-10-2.7-15.4-10.3-12.7-20.6 2.8-10.5 11-14.4 21.2-11.7 10.2 2.8 15.5 10.4 12.7 20.7m-28.8-7.6c-1.7 6.4 4.3 10.2 9.6 11.6 5.3 1.4 12.4 1 14.1-5.3 1.7-6.5-4.1-10.2-9.6-11.7-5.4-1.4-12.3-1.2-14.1 5.4m45.2-36.6l-10.3-1c-3.5-.4-4.7-.1-6.4 3.2l-1.2 2.5 12.7 6.1-3.2 6.7-30.7-14.7 6-12.5c2.5-5.2 7-9.5 13.1-6.5 4.2 2 5.3 6.4 4 10.6 1.9-2.5 3.8-3 6.9-2.7l12.4 1.1-3.3 7.2zm-29.7-5l-1.6 3.3 8.9 4.3 1.5-3.1c1.5-3.1 2.1-6.8-1.5-8.6-3.6-1.8-5.7.8-7.3 4.1m48.9-24.3c-6.4 8.8-16 11.3-25.1 4.8-8.7-6.3-9.3-17-3.2-25.4 2-2.8 4.7-5.6 7.4-7.6l4.4 3.6c-2.7 1.4-4.9 3.6-6.6 6-4.4 6.1-3.4 12.7 2.6 17.1 5.5 4 11.9 4.3 16.2-1.6 1.1-1.5 1.9-3 2.4-4.8l-5.9-4.3-2.6 3.6-4-2.9 6.6-9.1 13.3 9.6c-1.3 4.1-3.1 7.7-5.5 11m32.6-36l-8-4.2-10.6 9.9 3.6 8.3-5.4 5.1-13.8-33.7 7.2-6.8 32.7 15.9-5.7 5.5zm-27.4-14.4l6.4 15.3 8.3-7.8-14.7-7.5zm57.3-6.8l-25.3-16.9 14.7 23.5-5.7 3.6-17.9-28.9 9.3-5.8 25.4 17-14.7-23.7 5.7-3.5 17.9 28.9zm22.5-11.6l-13.4-31.3 7-3 13.3 31.3zm36.3-12c-10.6 2.9-19.6-1.1-22.6-12-2.8-10.3 3.3-19.1 13.3-21.8 2.6-.7 5.9-1.1 8.5-1.1l1.2 5.5c-2.2-.3-4.9-.1-7.1.5-7 1.9-10.1 7.9-8.3 14.7 1.9 7 7.3 10.5 14.5 8.5 2.4-.7 4.7-1.7 6.6-3.3l1.7 5.2c-2 1.8-5.1 3.1-7.8 3.8m60.8-34.6l-.7 28-7.6-.2.7-28-10.7-.2.2-6 28.9.6-.2 6.1zm20 29.5l6.1-33.4 21.8 3.9-1 5.2-14.5-2.7-1.6 8.8 13.9 2.5-1 5.1-13.8-2.6-1.7 9.4 14.9 2.7-.9 5.1zm53.9 14.6l-3.2-15.9-13 9.9-7.7-2.9 17.8-12.3-4.8-19.1 8.1 3 3 14.3 11.5-9 7.5 2.8-16.2 11.4 5.4 20.8zm41.7-10.3l-13.9 24.3-6.6-3.8 13.9-24.2-9.2-5.3 2.9-5.2 25.1 14.3-3 5.2zm3.554 35.888l20.58-27.064 5.97 4.54-20.58 27.063zM466.3 162.5l24-24 5.4 5.3-19.8 19.8 10.4 10.3-4.3 4.3zm22 23.2l27.3-20.2 13.2 17.8-4.2 3.1-8.8-11.9-7.1 5.3 8.3 11.3-4.1 3.1-8.4-11.3-7.6 5.6 9 12.3-4.2 3.1zm33.9 60.1c-1.2-3.3-2.1-6.8-2.3-10.3l5.5-1.8c-.4 3.3.3 6.5 1.4 9.6 1.1 3 3.3 5.7 6.7 4.5 2.4-.9 2.5-4.8 2.6-7.4l.2-3.8c.2-4.4 1.4-8 5.8-9.6 6.9-2.6 11.8 3.7 13.9 9.5 1 2.7 1.7 5.5 2 8.4l-5.3 1.7c.1-2.6-.5-5.4-1.4-7.9-1-2.6-3.1-6-6.3-4.8-2.2.8-2.3 4-2.4 6.4l-.1 3.9c-.1 4.8-1.1 8.7-6.1 10.6-6.8 2.6-11.9-2.7-14.2-9m38.4 31.4l-27.4 5.6-1.5-7.4 27.4-5.6-2.1-10.5 5.8-1.2 5.8 28.3-5.9 1.2zm-23.5 48.3l8.4-3.3-.5-14.4-8.6-2.8-.2-7.4 34.4 11.8.3 9.9-33.5 14.1-.3-7.9zm28.8-11.1l-15.7-5.2.4 11.4 15.3-6.2zm-32.5 47.3l29.4-7.9-27.4-4.4 1-6.6 33.6 5.4-1.8 10.9-29.4 8 27.4 4.4-1.1 6.6-33.5-5.4zm-9.6 35.3l4-10.7 31.8 12.1-4.5 11.8c-3.9 10.3-11.6 14.1-22 10.2-10.8-4.2-13.2-13-9.3-23.4m26.9 10.2l1.4-3.7-22.1-8.4-1 2.6c-2.7 7.2-.4 12.3 6.9 15.1 6.4 2.5 12.2 1.2 14.8-5.6m-50.2 36.1l8.8 1.8 7.5-12.4-5.7-7 3.8-6.4 22.4 28.7-5.1 8.5-35.8-6.5 4.1-6.7zm30.2 6.4l-10.3-13-5.9 9.7 16.2 3.3zm-52.5 21.4l9.6 3.8c3.3 1.3 4.5 1.4 7-1.4l1.8-2.1-10.6-9.3 4.9-5.5 25.5 22.5-9.2 10.4c-3.8 4.4-9.3 7.2-14.4 2.7-3.5-3.1-3.3-7.6-1-11.3-2.5 1.9-4.5 1.8-7.4.7l-11.7-4.4 5.5-6.1zm27.2 12.9l2.4-2.7-7.4-6.5-2.3 2.6c-2.3 2.6-3.9 6-.9 8.7 3.1 2.5 5.8.6 8.2-2.1m-49.1 7.3l9-7.1 21 26.7-9.9 7.8c-8.6 6.8-17.2 6.2-24.1-2.6-7.1-9.1-4.7-17.9 4-24.8m17.8 22.6l3.1-2.4-14.6-18.5-2.2 1.7c-6.1 4.8-6.7 10.3-1.9 16.5 4.3 5.3 10 7.2 15.6 2.7m-212.3 51.6c-10.6-2.7-16.6-10.7-13.8-21.7 2.6-10.5 12.3-15.1 22.5-12.5 3.3.8 7 2.3 9.9 4.1l-1.7 5.5c-2.3-2-5.2-3.2-8-4-7.3-1.8-13.2 1.6-15 8.9-1.7 6.6.4 12.7 7.5 14.5 1.8.5 3.5.7 5.4.5l1.8-7.1-4.4-1.1 1.2-4.8 10.9 2.7-4 16c-4.2.4-8.3 0-12.3-1m42.4 6.3c-10.8-.7-16.1-7.9-15.4-18.5.7-10.3 7.1-17 17.7-16.3 10.8.7 16.2 7.9 15.5 18.5-.8 10.4-7.2 17-17.8 16.3m1.8-29.5c-6.6-.4-9.1 6.2-9.5 11.6-.4 5.5 1.4 12.3 7.9 12.8 6.7.4 9.2-6 9.5-11.6.5-5.7-1.1-12.4-7.9-12.8m40.6 1l2.8 27.7-7.5.8-2.8-27.7-10.5 1-.6-6 28.6-2.8.6 5.9zm36.1 22.3c-3.3.9-6.8 1.4-10.2 1.2l-1.2-5.5c3.2.7 6.4.4 9.5-.4 3-.8 5.9-2.7 5-6.1-.6-2.5-4.4-2.9-7-3.3l-3.6-.6c-4.2-.6-7.6-2.2-8.8-6.5-1.8-7 4.8-11 10.6-12.6 2.7-.7 5.5-1.1 8.3-1.1l1.1 5.4c-2.5-.4-5.3-.1-7.8.5-2.6.7-6.1 2.4-5.3 5.6.6 2.2 3.7 2.7 6 2.9l3.8.4c4.7.6 8.4 2 9.7 7 1.9 7-3.8 11.4-10.1 13.1m-170.886-30.68l2.991-6.33 7.052 3.334-2.99 6.328zM420.1 538.1l-2.9-6.2 7-3.4 3 6.3z"></path><path fill="#fff" d="M163.5 305.9l45.8 45.8 42.6-42.6v135.6h64.8V245.5l-46.4-46.4-106.8 106.8zm206.9-106.7l-46.3 46.3v199.2h64.8V309.1l42.5 42.5 45.8-45.8-106.8-106.6z"></path></svg><svg id="svg-health-damaging" fill-rule="evenodd" stroke-linejoin="round" stroke-miterlimit="2" clip-rule="evenodd" viewBox="0 0 111 111"><g transform="translate(.303 .118) scale(.99222)"><path fill="none" d="M-.306-.119h110.889V110.77H-.306z"></path><clippath id="ls_health-damaging__a"><path d="M-.306-.119h110.889V110.77H-.306z"></path></clippath><g fill-rule="nonzero" clip-path="url(#ls_health-damaging__a)"><path fill="#fff" d="M3.574 55.411l51.512 51.513 51.512-51.513L55.086 3.9 3.574 55.411z"></path><path fill="red" d="M27.375 27.7L-.166 55.241l55.082 55.083L110.34 54.9 82.798 27.36A2287.882 2287.882 0 0055.087-.182c0 .34-12.581 12.75-27.712 27.881zm50.832 4.42l23.291 23.291-23.29 23.121-23.292 23.291L8.504 55.411 55.086 8.83l23.121 23.29z"></path><path d="M55.256 19.88h-.51a10.2 10.2 0 00-4.42 1.19c-1.36.68-2.55 1.7-3.74 2.89a14.12 14.12 0 00-2.89 11.39 27.03 27.03 0 003.06 9.35l1.7 2.551.17.17-.34 4.08-8.84 3.06h-.17v.17c.17.51.51 1.02 1.19 1.02h.68v.17c.17.34.34.68.85.85l.68.17h.17v.17c.17.34.34.68.85.85h1.19v.17c.17.34.51.68.85.68h.51v.17l.85 1.02.68.17h.34l.85-.51.17-.17h.17c.34.17.85.34 1.19.17h.17l.17.17.85.68h.17v.17l.17.51.34.17c.34 0 .51-.17.51-.51v-.17h.17c.51-.17.85-.68.85-1.02v-.34l-.17-.68v-.17c.34-.17.51-.51.34-.85l-.17-.34v-.17l.17-.51v-.68h.17c.34-.17.68-.68.85-1.19 0-.51 0-.85-.34-1.19v-.17h.17l.34-.17.17-.34-.17-.34-.34-.17h-.34v-.17l-.17-.17-.34-.17v-.17l.17-.68v-1.02h.17c.34-.17.68-.51.68-.85l.17-.51v-.34l-.17-.51h.17c.17-.17.51-.34.51-.68v-.51l-.34-.51v-.17l.17-.51v-.17h.17l.34-.17h.17v.17l.34.85.17.17v.85l.68 1.02.17.17v.34c0 .68.17 1.19.68 1.7l.17.17-.51.51c-.17.51 0 1.02.34 1.36l.17.17v.17c-.17.34 0 1.02.34 1.19h.17v1.7l-.17.17v.17h-.17c-.34-.17-.68-.17-.85.17v.51l.51.34h.17v.17l.17.85v.17l-.17 1.02c0 .51.17.85.51 1.19l.17.17v.17c-.17.17-.17.51 0 .68.17.34.34.68.68.68h.51c.34-.17.68-.34.68-.68l.17-.17.51-.17h.17l.34.34c.34.17.85 0 1.02-.34v-.68l-.34-.34v-.68h.68v.17l.51.51h.51l.34-.17.17-.17v.17l.34.34h.34c.34 0 .51 0 .68-.34v-.17h.17l.51.17h.34c.34-.17.68-.34.68-.68v-.68h.51c.34-.17.51-.51.51-.68v.17l.68.34h.51c.34 0 .68-.34.85-.85v-.17l.17-.17.34-.68v-.17h.17l.34-.17.17-.17v-.51l-9.86-3.06v-3.74l.17-.17 1.53-2.04c.68-1.02 1.19-2.21 1.7-3.57 1.02-2.89 1.7-5.95 2.04-8.5v-1.7c-.17-2.89-1.7-6.12-4.08-8.501a13.613 13.613 0 00-4.59-3.06c-.85-.34-1.87-.51-2.72-.51l-1.36-.68zm-18.19 35.7h-.34l-.85.34-4.08 1.53c-1.19.68-2.21 2.04-2.21 3.4v5.44l4.08 4.251a42.501 42.501 0 004.25 4.25h.51c.34 0 .51-.17.68-.51v-.17h1.02c.34-.17.85-.34 1.02-.85l.17-.68v-.17l.17.17.51.34h.68l.85-.85v-.85l.17-.17.34-.17.17-.17.17.17h.68c.51-.17.68-.85.34-1.36h.17l.51-.51v-.17l.17.17.51.34h.17v.17c-.17.51 0 1.19.68 1.19.68.17 1.19-.34 1.02-1.02l-.51-.68h-.17l.34-.68v-.51h.51l.17.34.17.17h.68l.34-.34v-.51l-.51-.34c0-.17.17-.51 0-.68v-.17l.34-.17v-.85l-.34-.17h-.17v-.17c0-.34-.17-.68-.51-.85l-.17-.17v-.17l-.17-.51a1.353 1.353 0 00-.68-.68l-.68-.17-.68.17h-.17v-.34c0-.34-.51-.68-.85-.68h-.17v-.17c0-.51-.17-.85-.51-1.02l-.68-.34h-.34l-.68.17h-.17l-.51-.51h-.17v-.51c0-.34-.17-.51-.51-.68h-.51v-.17c0-.34-.17-.68-.51-.85l-.85-.51h-.51l-.34-.34a.513.513 0 00-.68 0h-.17v-.17l-1.19-.85zm37.231.34l-.68.51v.17h-.17a.853.853 0 00-1.02.34l-.17.51v.17h-.17c-.51-.34-1.36-.17-1.87.17-.34.34-.51.51-.51 1.02v.17c-.51-.17-1.02 0-1.53.34l-.68.68-.34 1.02v.17h-.17l-.85.17-.17.17h-.17c-.34-.17-.85 0-1.19.17-.51.17-.85.68-1.02 1.19v.17h-.51l-.68.68v.85h-.68l-.51.34-.34.85.17.68v.17l-.34.17-.17.17v.68c.17.51.85.51 1.19 0l.51.17h.17v.17l.17.51-.34.17c-.34.341-.17 1.021.34 1.191h.68l.34-.34v-.17h.17l.85.17h.17v.51l.17.51h-.17l-.51.34v.34l.17.51.51.17c.34 0 .51-.17.51-.51.17.51.51.85.85.85l.68.17.68-.17h.17v.17l.34.51.51.34h.68l.34-.17h.17v.17c0 .85.68 1.53 1.53 1.53l.68-.17h.17v.17c-.34.68.17 1.36.85 1.36.34 0 .51 0 .85-.34l4.25-3.91 4.08-3.74v-6.29l-.34-.85-1.02-1.53c-.68-.68-1.53-1.19-2.38-1.53-.51-.85-4.08-2.21-4.25-2.04zm-18.87.68c-.34 0-.51.17-.68.51v.68l.34.34-.34.51v.17l.51.34.34-.17.17-.34v-.17l-.17-.17h.17l.34-.34.17-.51v-.34l-.34-.34-.51-.17zm-1.02 3.4l-.51.34v.51l.51.34h.17l.34-.51-.17-.34c0-.34-.17-.34-.34-.34zm-5.271.51l-.51.34-.17.51v.34c.17.51.85.68 1.19.17.51-.34.34-1.02-.17-1.36h-.34zm9.18 1.53h-.17l-.34.51.17.68.34.17h.17v.17l.51.68h.85l.34-.34v-.68c-.17-.34-.34-.51-.68-.51h-.34v-.17l-.34-.34-.51-.17zm-8.5 1.36h-.34l-.34.51.34.51h.51l.17.34c.34.34 1.02.34 1.19-.17v-.68l-.34-.34h-.34l-.51.17h-.17l-.17-.34zm10.54 4.08l-.51.51v.51h-.17l-.34.341v.68l.34.34h.17l.51-.17.17-.34v-.17h.17c.68-.17 1.02-1.02.51-1.36l-.17-.17h-.34l-.34-.17zm-6.29 1.02h-.34l-.51.341v.68c.17.51.85.68 1.19.17.34-.34.34-1.02-.17-1.36l-.17.17zm-4.08.17l-.51-.17c-.34 0-.34.17-.51.341v.68l.34.34h.34l.51-.17c.34-.34.17-.85-.17-1.02zm.34 1.531h-.17l-.51.51v.68l.17.17-.51-.17c-.449.007-.876.19-1.19.51l-.17.17h-.17l-.51-.17h-.68l-.85.85v.17h-.17l-.51-.17c-.51 0-.85.17-1.19.68l-.17.68v.17l-.68-.34h-1.02l-.51.17-.68.68v.17h-.17c-.34-.17-1.02-.17-1.36.17l-.34.68v.51l7.31 7.31 7.48 7.65.34.341.17-.34v-.34l-.17-.17c.17-.17.34-.51.17-.68l-.17-.17v-.17l.17-.51-.17-.51-.34-.34.17-.17c.85-.68 1.19-1.87.68-2.89l-.17-.17c.68-.51.85-1.19.51-1.87a1.353 1.353 0 00-.68-.68h-.17l.34-.51-.17-.68-.17-.17v-.17c.17-.34.17-.68-.17-1.02l-.68-.34h-.17v-1.19l.51-.34c.17-.51 0-1.02-.34-1.19l.17-.17c.34-.34.34-.68.34-1.19l-.34-.85-.34-.34v-.17l.17-.51v-.34l-.17-.68-.17-.17h.17l.34-.34v-.34l-.34-.34h-.34l-.34.17-.51-.51c-.38-.16-.81-.16-1.19 0h-.17l-.51-.341.34-.68zm8.5.34h-.17c-.51 0-.85.51-.85 1.02v.34h-.17c-.51-.17-1.02 0-1.19.51v.34l.17.34.51.51v.17l-.17.51c0 .51.17.85.51 1.19l.17.17-.17 1.02.34 1.02.17.17v.17l-.17.68v.34h-.51l.17-.51-.17-.51-.17-.17a1.023 1.023 0 00-1.19.17c-.34.34-.34.68-.17 1.19v.17h-.17l-.34.34v.68c.17.34.34.68.85.68h.17v.17c-.17.34-.17 1.02 0 1.36l.17.51.34.34h.17l-.17.17c-1.02.68-1.19 2.04-.34 2.89l.17.17-.17.17-.34.51-.17.68v2.21c-.17.17-.17.51 0 .68l-.17.34v.171l-.17.34v.17l.17.17 16.32-14.96v-.68l-.51-.51h-.68v-.17l-.51-.51-.51-.17-.51.17h-.17v-.17c0-.68-.51-1.36-1.36-1.36h-.85v-.17l-.51-.68a.513.513 0 00-.68 0c-.34.17-.68.51-.68.85l-.34-.34-.68-.17h-.17v-.17c0-.51-.34-1.02-.85-1.19l-.68-.17h-.34v-.17c0-.17-.17-.51-.51-.51-.34-.171-.85 0-1.19.34v.17h-.68v-.17l-.34-.34c0-.511-.17-.511-.51-.511zm-8.67 1.36zm5.27 2.04l-.34.17-.17.68.17.17-.17.51c0 .51.34 1.02.85 1.02.34 0 .85-.34.85-.68l-.34-.85h-.17v-.51l-.34-.34-.34-.17z"></path></g></g></svg><svg id="svg-kott-fran-sverige" fill-rule="evenodd" stroke-linejoin="round" stroke-miterlimit="2" clip-rule="evenodd" viewBox="0 0 111 111"><path fill="none" d="M0 0h110.026v110.026H0z"></path><g transform="translate(.479 .156) scale(.25595)"><path fill="#0071bc" fill-rule="nonzero" d="M212.598 426c117.415 0 212.599-95.183 212.599-212.598C425.197 95.988 330.013.804 212.598.804 95.183.804 0 95.988 0 213.402 0 330.817 95.183 426 212.598 426z"></path><clippath id="ls_kott-fran-sverige__a"><path d="M212.598 426c117.415 0 212.599-95.183 212.599-212.598C425.197 95.988 330.013.804 212.598.804 95.183.804 0 95.988 0 213.402 0 330.817 95.183 426 212.598 426z" clip-rule="nonzero"></path></clippath><g clip-path="url(#ls_kott-fran-sverige__a)"><path fill="#ffd400" fill-rule="nonzero" d="M10.488 280.665s1.606 4.891 3.142 9.493c1.015 3.041 4.076 8.339 4.076 8.339s109.763 26.603 189.959 33.729c109.846 9.76 180.647 2.066 180.647 2.066s5.421-7.398 11.19-17.678c9.254-16.49 10.671-24.17 10.671-24.17s-39.89 6.657-144.979 11.002c-107.002 4.425-254.706-22.781-254.706-22.781zm303.69-48.578v6.846a31.144 31.144 0 01-3.866.242c-9.825 0-16.026-5.558-16.026-14.497 0-8.94 6.201-14.497 16.026-14.497 6.846 0 12.806 2.094 17.316 6.363h.644v-15.866c-4.993-2.497-10.792-3.544-18.604-3.544-18.523 0-30.201 10.631-30.201 27.544s11.678 27.543 30.201 27.543c7.812 0 13.611-1.046 18.604-3.543v-28.51h-23.517v11.919h9.423zm-146.769 6.282v-7.651h20.135v-11.919h-20.135v-7.812h25.933V197.94h-40.59v53.476h40.59v-13.047h-25.933zm-55.843 13.047h14.577l20.134-53.476h-15.302l-11.838 34.147h-.162l-11.838-34.147H91.431l20.135 53.476zM74.02 235.228c0 2.9-2.577 4.269-8.134 4.269-6.927 0-13.611-2.336-18.604-6.443h-.645v14.98c4.269 2.818 10.792 4.187 19.812 4.187 14.175 0 22.067-6.201 22.067-17.315 0-10.711-5.476-15.463-19.167-16.752-6.765-.644-8.698-1.691-8.698-4.026 0-2.819 2.657-4.269 7.651-4.269 6.604 0 12.563 2.175 16.107 5.799h.644v-14.98c-3.221-2.094-9.986-3.544-16.51-3.544-14.255 0-22.469 6.524-22.469 17.799 0 10.389 5.476 15.141 19.087 16.268 6.845.564 8.859 1.692 8.859 4.027zm9.166-59.92l-16.124-19.891 15.536-19.186H69.239l-11.593 15.125h-.118v-15.125H46.817v39.077h10.711v-15.125h.118l11.593 15.125h13.947zm19.868-47.08c0-3.002-2.059-5.12-5.121-5.12-3.001 0-5.061 2.118-5.061 5.12 0 3.001 2.06 5.12 5.061 5.12 3.062 0 5.121-2.119 5.121-5.12zm12.771 0c0-3.002-2.06-5.12-5.061-5.12-3.061 0-5.12 2.118-5.12 5.12 0 3.001 2.059 5.12 5.12 5.12 3.001 0 5.061-2.119 5.061-5.12zm-1.648 27.542c0 6.297-3.943 10.593-9.828 10.593-5.886 0-9.829-4.296-9.829-10.593s3.943-10.593 9.829-10.593c5.885 0 9.828 4.296 9.828 10.593zm10.828 0c0-11.77-8.533-20.127-20.656-20.127-12.124 0-20.657 8.357-20.657 20.127s8.533 20.126 20.657 20.126c12.123 0 20.656-8.356 20.656-20.126zm24.847-10.005h10.769v-9.534h-32.367v9.534h10.887v29.543h10.711v-29.543zm37.198 0h10.77v-9.534h-32.368v9.534h10.887v29.543h10.711v-29.543zm39.158 65.222c4.672 0 6.685 1.53 6.685 4.993s-2.013 4.993-6.685 4.993h-9.1v-9.986h9.1zm.645-13.047H202.45v53.476h14.658V234.02h5.396l9.664 17.396h17.154l-12-19.007c6.846-2.496 10.39-8.053 10.39-16.429 0-11.919-7.088-18.04-20.859-18.04zm4.745-52.175h18.95v-9.534h-29.661v39.077h10.711v-13.83h14.713v-9.534h-14.713v-6.179zm39.88 52.175H256.82v53.476h14.658V197.94zm7.994-48.526c0 2.53-1.471 3.649-4.885 3.649h-6.65v-7.298h6.65c3.414 0 4.885 1.118 4.885 3.649zm12.005 25.894l-8.768-13.889c5.002-1.824 7.591-5.885 7.591-12.005 0-8.71-5.178-13.183-15.242-13.183h-17.832v39.077h10.711v-12.712h3.943l7.062 12.712h12.535zm26.842-47.492c0 1.353-1.001 2.354-2.354 2.354-1.354 0-2.354-1.001-2.354-2.354 0-1.354 1-2.354 2.354-2.354 1.353 0 2.354 1 2.354 2.354zm4.531 0c0-3.943-2.942-6.886-6.885-6.886-3.943 0-6.886 2.943-6.886 6.886s2.943 6.885 6.886 6.885 6.885-2.942 6.885-6.885zm-2.589 32.956h-8.945l4.413-12.182h.118l4.414 12.182zm5.414 14.536h11.476l-16.007-39.077h-10.417l-16.007 39.077h11.181l2.06-5.591h15.654l2.06 5.591zm39.965 0h12.358v-39.077h-10.357v22.305h-.118l-11.299-22.305H342.1v39.077h10.357v-25.776h.118l13.065 25.776zm-27.108 76.108h40.591v-13.047H353.19v-7.651h20.134v-11.919H353.19v-7.812h25.933V197.94h-40.591v53.476z"></path></g></g></svg><svg id="svg-krav" fill-rule="evenodd" stroke-linejoin="round" stroke-miterlimit="2" clip-rule="evenodd" viewBox="0 0 111 111"><path fill="none" d="M0 0h110.026v110.026H0z"></path><ellipse cx="11.49" cy="29.34" fill="#fff" rx="10.402" ry="6.38" transform="matrix(5.09761 0 0 5.5245 -2.633 -106.762)"></ellipse><path fill="#00674c" fill-rule="nonzero" d="M18.242 47.097v21.627h5.722v-9.79l.231.331 7.745 9.459h7.456L29.455 57.33l9.131-10.233h-7.108l-7.34 9.071-.232.332v-9.403h-5.78m73.228 21.627l9.363-21.572h-6.069l-5.78 13.441-5.663-13.496h-6.242l9.363 21.627h5.086M46.967 56.887h-.694V51.19h.694c1.85 0 4.277.332 4.277 2.876s-2.428 2.821-4.277 2.821zm23.06-3.595l2.659 7.522H67.31l2.716-7.522zm-12.773.387c0-4.149-2.89-6.582-7.918-6.582h-8.842v21.627h5.78v-8.85l.23.442 5.664 8.408H64.19l1.56-3.817h8.438l1.503 3.817h6.127l-8.612-21.572h-6.358L60.26 63.248l-.174.498c-.751 1.77-1.329 2.544-2.022 2.544-.636 0-1.156-.664-1.966-1.549v-.055l-4.045-4.978h.231c3.005-.553 4.97-2.876 4.97-6.084"></path><path fill="#00674c" fill-rule="nonzero" d="M107.248 55.615c0-17.921-22.83-32.082-50.86-32.082-24.217 0-43.636 12.722-47.624 23.896.81-6.527 7.629-15.599 19.072-20.687C12.29 32.384 3.91 42.892 3.91 55.062c0 9.68 6.415 18.419 16.703 24.503 9.19 5.808 21.789 9.403 35.775 9.403 3.93 0 7.745-.276 11.444-.83 9.883-1.106 16.992-3.871 22.887-7.356a43.807 43.807 0 005.202-3.65c-1.33.995-2.89 1.88-4.393 2.765-10.24 4.509-21.447 6.65-32.712 6.25-26.413 0-47.855-11.45-47.855-27.103 0-14.602 16.76-25.444 40.284-26.826 27.915-1.66 38.723 9.403 40.052 11.228C85.574 35.26 73.9 28.954 50.724 29.618c-15.027.553-30.054 6.14-36.874 14.215C20.207 33.323 37.95 26.3 57.543 26.3c27.164 0 48.838 12.556 48.838 29.426 0 4.813-1.156 8.961-3.121 12.556 2.543-3.871 3.988-8.186 3.988-12.666"></path><path fill="#00674c" fill-rule="nonzero" d="M98.694 63.801c1.284 0 2.34 1.011 2.34 2.24 0 1.23-1.056 2.24-2.34 2.24-1.284 0-2.34-1.01-2.34-2.24 0-1.229 1.056-2.24 2.34-2.24zm0 4.923c1.56 0 2.774-1.162 2.774-2.655 0-1.493-1.214-2.71-2.774-2.71h-.059c-1.521 0-2.774 1.198-2.774 2.654v.056c0 1.457 1.253 2.656 2.775 2.656l.058-.001"></path><path fill="#00674c" fill-rule="nonzero" d="M98.058 65.018h.751c.405 0 .752 0 .752.387s-.578.332-1.04.332h-.463v-.719zm0 1.162h.578l.81 1.382h.52l-.81-1.382c.405 0 .867-.222.867-.83 0-.609-.578-.774-1.156-.774h-1.271v2.986h.462V66.18"></path></svg><svg id="svg-laktosfri" fill-rule="evenodd" stroke-linejoin="round" stroke-miterlimit="2" clip-rule="evenodd" viewBox="0 0 111 111"><path fill="none" d="M0 0h110.026v110.026H0z"></path><path fill="#007ab9" d="M97.555 21.469c7.305 9.186 11.646 20.82 11.646 33.457 0 29.871-24.25 54.122-54.122 54.122-12.638 0-24.27-4.34-33.457-11.646L97.555 21.47zM12.603 88.383C5.298 79.197.957 67.564.957 54.926.957 25.056 25.208.804 55.079.804c12.638 0 24.271 4.341 33.457 11.646L12.603 88.383z"></path><path fill="#fff" d="M88.535 12.45a52.738 52.738 0 019.02 9.02L21.621 97.401a52.738 52.738 0 01-9.02-9.019L88.536 12.45z"></path><path fill="#fff" fill-rule="nonzero" d="M31.923 83.725c0 3.711 2.886 6.288 6.494 6.288h34.12c10.31 0 10.103-13.504 0-13.504H44.5V24.864c0-3.402-2.783-6.288-6.082-6.288-3.608 0-6.494 2.886-6.494 6.288v58.861z"></path></svg><svg id="svg-leaf-eu" fill-rule="evenodd" stroke-linejoin="round" stroke-miterlimit="2" clip-rule="evenodd" viewBox="0 0 111 111"><path fill="none" d="M0 0h110.026v110.026H0z"></path><path fill="#8cc63f" d="M.558 18.698h109.428v74.074H.138l.42-74.074z"></path><path fill="#fff" d="M43.067 35.954h3.788V33.85h.841l1.263 2.104.842.842 2.946.841-2.104.842v.842l.841 2.104-2.525-1.683h-1.263l-1.683.842h-.42l.42-2.105-.42-.842a56.076 56.076 0 00-2.526-1.262c-.421 0 0-.421 0-.421m-11.364 8.417l2.946-.42 1.263-.842.42-2.105h.422l1.262 2.526.842.42h2.946L39.7 45.635v.421c0 .842 0 1.263.842 2.104a25.216 25.216 0 00-2.947-1.262h-.841l-2.526 1.683.421-2.104v-.842l-2.946-.42c-.42 0-.42 0 0-.422m-6.313 10.1h3.367l1.263-.42c0-.842.841-1.263 1.262-2.105h.421v2.104l.842.421 2.525.421c.421 0 .421 0 0 .421l-2.104.842-.842.842a84.18 84.18 0 010 2.525L29.6 58.26c-1.132.4-2.252.821-3.367 1.263l1.683-2.104v-1.263l-2.525-.842m21.044 13.89l-2.525 1.262v1.262c.016.981.016 1.966 0 2.946l-2.105-1.683h-.842c-.85.551-1.691 1.111-2.525 1.683.274-1.262.556-2.525.842-3.787l-2.104-1.263 3.787-1.263c.417-.841.838-1.683 1.263-2.525.434.977.854 1.957 1.263 2.946h2.525v.421m13.889 1.684l-2.105.42v.842a129 129 0 00.421 2.525 70.866 70.866 0 01-2.104-2.104h-.842l-1.683.842h-.421l.842-2.525v-.842l-2.105-1.684c-.42-.42 0-.42 0-.42.985.134 1.966.273 2.946.42l.842-1.683a294.08 294.08 0 001.684 2.946c.841.425 1.683.846 2.525 1.263m12.205-3.788l-2.104.841v.842c.27.707.547 1.41.842 2.105a21.07 21.07 0 01-2.526-1.684l-.841-.42-2.105.42c-.004-.98-.004-1.965 0-2.946a119.36 119.36 0 01-2.104-2.525l2.525 1.262h.842c.273-.703.555-1.405.842-2.104a109.122 109.122 0 001.683 3.367l2.946.42v.422m7.997-8.418L78 59.944v.842c.135.564.274 1.123.421 1.683l-1.683-.842h-.842a58.46 58.46 0 01-2.104 0c-.005-.703-.005-1.401 0-2.104l-1.684-1.684h2.105c.42.421.841 0 .841 0l.842-2.104.842 2.104.842.842h2.525m6.734-12.205A89.29 89.29 0 0184.313 49l.841 1.684h-2.946l-1.683 1.683.42-2.104v-.842a20.924 20.924 0 01-1.683-.842l2.104-.842.421-.42.842-2.526h.42l.422 2.105h.842l2.104-.842m-13.889-7.997h2.104l.421-.42c.287-.842.564-1.684.842-2.526l.842 2.105.42.42h2.105l-1.683 1.684v.842a56.12 56.12 0 000 1.683l-1.263-.842h-.842l-1.262 1.263h-.421l.42-1.683V39.32l-1.683-1.263v-.42m-14.31-2.526c.981.135 1.966.278 2.946.421l.421-1.683h.421l.842 2.104c0 .42 0 .842.842.842l2.104.841-1.683.842v2.946a151.91 151.91 0 00-2.526-2.104l-1.683.42v-1.683c.42 0 0-.42 0-.841a62.432 62.432 0 00-1.684-2.105m35.354 0l-1.684 1.263v.842l.421 1.262c-.703.042-1.401.042-2.104 0h-.842l-1.683 1.684c0 .42-.421 0 0 0 .004-.842.004-1.684 0-2.526l-1.263-.42c.842-.842 1.263-.842 2.104-.842l.842-.842.842-2.104.842 1.683h.42c.703-.004 1.402-.004 2.105 0m-29.04 13.89c.42 0 .42 0 0 0-.842 0-12.627 2.524-22.307 8.417-10.522 6.313-13.889 9.259-15.993 11.363h-1.263l-.842-2.525h-.42l-1.263 3.788-.842 1.262-2.525 1.684s-.42.42 0 .42l1.683.422c.842 0 .421.42 0 .841l-.42 2.947 2.525-2.526c.42 0 .842-.841 1.262-.42h2.526l-.421-2.105v-1.263A81.225 81.225 0 0164.532 49z"></path></svg><svg id="svg-mjolk-fran-sverige" fill-rule="evenodd" stroke-linejoin="round" stroke-miterlimit="2" clip-rule="evenodd" viewBox="0 0 111 111"><path fill="none" d="M0 0h110.026v110.026H0z"></path><g transform="translate(.479 .156) scale(.25595)"><path fill="#0071bc" fill-rule="nonzero" d="M212.598 426c117.415 0 212.599-95.183 212.599-212.598C425.197 95.988 330.013.804 212.598.804 95.183.804 0 95.988 0 213.402 0 330.817 95.183 426 212.598 426z"></path><clippath id="ls_mjolk-fran-sverige__a"><path d="M212.598 426c117.415 0 212.599-95.183 212.599-212.598C425.197 95.988 330.013.804 212.598.804 95.183.804 0 95.988 0 213.402 0 330.817 95.183 426 212.598 426z" clip-rule="nonzero"></path></clippath><g clip-path="url(#ls_mjolk-fran-sverige__a)"><path fill="#ffd400" fill-rule="nonzero" d="M10.488 280.665s1.606 4.891 3.142 9.493c1.015 3.041 4.076 8.339 4.076 8.339s109.763 26.603 189.959 33.729c109.846 9.76 180.647 2.066 180.647 2.066s5.421-7.398 11.19-17.678c9.254-16.49 10.671-24.17 10.671-24.17s-39.89 6.657-144.979 11.002c-107.002 4.425-254.706-22.781-254.706-22.781zm303.69-48.578v6.846a31.144 31.144 0 01-3.866.242c-9.825 0-16.026-5.558-16.026-14.497 0-8.94 6.201-14.497 16.026-14.497 6.846 0 12.806 2.094 17.316 6.363h.644v-15.866c-4.993-2.497-10.792-3.544-18.604-3.544-18.523 0-30.201 10.631-30.201 27.544s11.678 27.543 30.201 27.543c7.812 0 13.611-1.046 18.604-3.543v-28.51h-23.517v11.919h9.423zm-146.769 6.282v-7.651h20.135v-11.919h-20.135v-7.812h25.933V197.94h-40.59v53.476h40.59v-13.047h-25.933zm-55.843 13.047h14.577l20.134-53.476h-15.302l-11.838 34.147h-.162l-11.838-34.147H91.431l20.135 53.476zM74.02 235.228c0 2.9-2.577 4.269-8.134 4.269-6.927 0-13.611-2.336-18.604-6.443h-.645v14.98c4.269 2.818 10.792 4.187 19.812 4.187 14.175 0 22.067-6.201 22.067-17.315 0-10.711-5.476-15.463-19.167-16.752-6.765-.644-8.698-1.691-8.698-4.026 0-2.819 2.657-4.269 7.651-4.269 6.604 0 12.563 2.175 16.107 5.799h.644v-14.98c-3.221-2.094-9.986-3.544-16.51-3.544-14.255 0-22.469 6.524-22.469 17.799 0 10.389 5.476 15.141 19.087 16.268 6.845.564 8.859 1.692 8.859 4.027zm9.166-59.92l-16.124-19.891 15.536-19.186H69.239l-11.593 15.125h-.118v-15.125H46.817v39.077h10.711v-15.125h.118l11.593 15.125h13.947zm19.868-47.08c0-3.002-2.059-5.12-5.121-5.12-3.001 0-5.061 2.118-5.061 5.12 0 3.001 2.06 5.12 5.061 5.12 3.062 0 5.121-2.119 5.121-5.12zm12.771 0c0-3.002-2.06-5.12-5.061-5.12-3.061 0-5.12 2.118-5.12 5.12 0 3.001 2.059 5.12 5.12 5.12 3.001 0 5.061-2.119 5.061-5.12zm-1.648 27.542c0 6.297-3.943 10.593-9.828 10.593-5.886 0-9.829-4.296-9.829-10.593s3.943-10.593 9.829-10.593c5.885 0 9.828 4.296 9.828 10.593zm10.828 0c0-11.77-8.533-20.127-20.656-20.127-12.124 0-20.657 8.357-20.657 20.127s8.533 20.126 20.657 20.126c12.123 0 20.656-8.356 20.656-20.126zm24.847-10.005h10.769v-9.534h-32.367v9.534h10.887v29.543h10.711v-29.543zm37.198 0h10.77v-9.534h-32.368v9.534h10.887v29.543h10.711v-29.543zm39.158 65.222c4.672 0 6.685 1.53 6.685 4.993s-2.013 4.993-6.685 4.993h-9.1v-9.986h9.1zm.645-13.047H202.45v53.476h14.658V234.02h5.396l9.664 17.396h17.154l-12-19.007c6.846-2.496 10.39-8.053 10.39-16.429 0-11.919-7.088-18.04-20.859-18.04zm4.745-52.175h18.95v-9.534h-29.661v39.077h10.711v-13.83h14.713v-9.534h-14.713v-6.179zm39.88 52.175H256.82v53.476h14.658V197.94zm7.994-48.526c0 2.53-1.471 3.649-4.885 3.649h-6.65v-7.298h6.65c3.414 0 4.885 1.118 4.885 3.649zm12.005 25.894l-8.768-13.889c5.002-1.824 7.591-5.885 7.591-12.005 0-8.71-5.178-13.183-15.242-13.183h-17.832v39.077h10.711v-12.712h3.943l7.062 12.712h12.535zm26.842-47.492c0 1.353-1.001 2.354-2.354 2.354-1.354 0-2.354-1.001-2.354-2.354 0-1.354 1-2.354 2.354-2.354 1.353 0 2.354 1 2.354 2.354zm4.531 0c0-3.943-2.942-6.886-6.885-6.886-3.943 0-6.886 2.943-6.886 6.886s2.943 6.885 6.886 6.885 6.885-2.942 6.885-6.885zm-2.589 32.956h-8.945l4.413-12.182h.118l4.414 12.182zm5.414 14.536h11.476l-16.007-39.077h-10.417l-16.007 39.077h11.181l2.06-5.591h15.654l2.06 5.591zm39.965 0h12.358v-39.077h-10.357v22.305h-.118l-11.299-22.305H342.1v39.077h10.357v-25.776h.118l13.065 25.776zm-27.108 76.108h40.591v-13.047H353.19v-7.651h20.134v-11.919H353.19v-7.812h25.933V197.94h-40.591v53.476z"></path></g></g><g fill-rule="nonzero"><path fill="#0071bc" d="M54.66 109.35c30.127 0 54.55-24.423 54.55-54.55C109.21 24.674 84.787.251 54.66.251 24.534.251.111 24.674.111 54.801c0 30.126 24.423 54.548 54.55 54.548z"></path><path fill="#ffd400" d="M90.734 56.185v-2.004h6.654v-3.348H86.973v13.721h10.415v-3.348h-6.654v-1.963H95.9v-3.058h-5.166zm-11.002-2.211c1.757 0 3.286.537 4.443 1.633h.165v-4.071c-1.28-.641-2.769-.91-4.773-.91-4.753 0-7.75 2.728-7.75 7.068s2.997 7.067 7.75 7.067c2.004 0 3.492-.269 4.773-.91v-7.315h-6.034v3.059h2.418v1.756a7.99 7.99 0 01-.992.062c-2.52 0-4.112-1.426-4.112-3.72 0-2.293 1.591-3.72 4.112-3.72zm-13.725 10.58h3.76v-13.72h-3.76v13.72zm-10.19-7.811v-2.562h2.335c1.2 0 1.716.392 1.716 1.28 0 .89-.517 1.282-1.716 1.282h-2.334zm0 3.348h1.385l2.48 4.463h4.401l-3.079-4.877c1.757-.64 2.666-2.066 2.666-4.215 0-3.059-1.818-4.629-5.352-4.629h-6.261v13.721h3.76v-4.463zm-12.751-3.906v-2.004h6.654v-3.348H39.305v13.721H49.72v-3.348h-6.654v-1.963h5.166v-3.058h-5.166zm-10.589 8.37l5.167-13.722h-3.927l-3.037 8.762h-.042l-3.037-8.762h-4.03l5.166 13.721h3.74zm-14.779-13.93c-3.657 0-5.765 1.674-5.765 4.567 0 2.666 1.405 3.885 4.898 4.174 1.756.145 2.273.434 2.273 1.034 0 .743-.662 1.095-2.087 1.095-1.778 0-3.493-.6-4.774-1.653h-.165v3.843c1.095.723 2.769 1.075 5.083 1.075 3.637 0 5.662-1.591 5.662-4.443 0-2.748-1.405-3.968-4.918-4.298-1.736-.166-2.232-.434-2.232-1.034 0-.723.682-1.095 1.963-1.095 1.695 0 3.224.558 4.133 1.488h.165v-3.843c-.826-.538-2.562-.91-4.236-.91zM2.802 72.059s37.899 6.98 65.354 5.845c26.964-1.115 37.199-2.823 37.199-2.823s-.364 1.97-2.738 6.202c-1.48 2.637-2.871 4.536-2.871 4.536s-18.167 1.974-46.351-.53c-20.577-1.83-48.74-8.655-48.74-8.655s-.786-1.36-1.046-2.14c-.395-1.18-.807-2.435-.807-2.435zm94.62-27.033v-8.689H95.12v4.96h-.026l-2.512-4.96h-3.14v8.69h2.302v-5.732h.026l2.905 5.731h2.748zM83.604 33.942c.3 0 .523.223.523.524a.509.509 0 01-.523.523.509.509 0 01-.524-.523.51.51 0 01.524-.524zm0-1.007c-.877 0-1.531.654-1.531 1.53 0 .878.654 1.532 1.53 1.532.878 0 1.532-.654 1.532-1.531 0-.877-.654-1.531-1.531-1.531zm-.026 6.15l.981 2.709H82.57l.982-2.709h.026zm2.185 5.941h2.552l-3.56-8.689H82.44l-3.559 8.69h2.486l.458-1.244h3.481l.458 1.243zm-12.86-4.946v-1.623h1.48c.759 0 1.086.249 1.086.811 0 .563-.327.812-1.086.812h-1.48zm0 2.12h.878l1.57 2.826h2.787l-1.95-3.088c1.113-.406 1.688-1.309 1.688-2.67 0-1.936-1.151-2.93-3.389-2.93h-3.965v8.688h2.382V42.2zM64.8 39.83v-1.374h4.213v-2.12h-6.595v8.69H64.8V41.95h3.271v-2.12H64.8zm-13.151 1.832h.026l2.578 3.363h3.101l-3.585-4.423 3.454-4.266h-2.97L51.674 39.7h-.026v-3.363h-2.382v8.69h2.382v-3.364zm-3.584 3.363v-2.12h-4.03v-6.569h-2.382v8.69h6.412zM36.989 33.42c-.68 0-1.138.471-1.138 1.139 0 .667.458 1.138 1.138 1.138.668 0 1.126-.471 1.126-1.138 0-.668-.458-1.139-1.126-1.139zm-2.852 0c-.668 0-1.126.471-1.126 1.139 0 .667.458 1.138 1.126 1.138.68 0 1.138-.471 1.138-1.138 0-.668-.458-1.139-1.138-1.139zm1.426 4.907c1.309 0 2.185.955 2.185 2.356 0 1.4-.876 2.355-2.185 2.355-1.308 0-2.185-.955-2.185-2.355s.877-2.356 2.185-2.356zm0-2.12c-2.696 0-4.593 1.858-4.593 4.476 0 2.617 1.897 4.475 4.593 4.475 2.696 0 4.593-1.858 4.593-4.475 0-2.618-1.897-4.476-4.593-4.476zm-5.962.131H27.22v5.182c0 1.1-.42 1.518-1.309 1.518-.733 0-1.531-.392-1.924-.955h-.105v2.473c.629.406 1.388.602 2.317.602 2.29 0 3.402-1.112 3.402-3.376v-5.444zm-7.018 8.69v-8.69h-3.625l-1.792 5.274h-.027l-1.792-5.274H11.8v8.69h2.304v-5.68h.026l1.976 5.68h2.015l2.054-5.903h.027v5.902h2.381z"></path></g></svg><svg id="svg-msc" viewBox="0 0 594 800"><path fill="#FDFEFE" d="M1 25V1.003h593.94v799.86H1c0-66.294 0-132.615.347-199.342 1.649.915 4.188 2.39 4.046 3.532-.743 6.002 4.544 5.768 7.48 8.349-.222.88-.454 1.355-.742 1.952-.118.292-.141.469-.094.914-.04.427-.112.589-.404.979-.261.641-.303 1.054-.29 1.805-.162 1.219-.38 2.1-.796 3.2-.244.61-.291 1-.282 1.787-.26 2.371-.604 4.34-.89 6.317-5.527 38.342 3.032 72.82 28.737 102.298 22.403 25.692 51.46 40.69 83.588 50.256 45.31 13.49 91.547 14.893 138.047 8.79 74.558-9.785 143.002-35.95 204.763-78.985 37.383-26.05 69.781-57.175 94.065-96.085 17.268-27.67 28.811-57.318 29.919-90.385.478-14.28-1.887-28.166-5.636-42.132-.206-.533-.402-.807-.762-1.395-.252-.777-.34-1.24-.22-1.777.124-.213.038-.351-.047-.49-.109.1-.217.201-.388.2-.063-.101-.063-.34.122-.676-.359-1.217-.903-2.098-1.63-3.236-.45-1.044-.716-1.83-.925-2.999.862-2.71 1.869-5.152-2.6-4.853-3.67-6.045-7.098-11.845-10.365-17.974 1.506-1.845 2.617-2.768 4.104-.231.646 1.103 2.376 1.572 3.859 2.572a255.773 255.773 0 016.145 10.675c.258.528.487.79.852 1.17.136.116.145.474.104.892.683 1.56 1.408 2.703 2.082 3.865-.052.021-.018-.085-.007.16.117.575.326.815.838 1.25.826 2.018 1.452 3.75 2.051 5.871.957 1.215 1.942 2.04 2.981 3.003.14.187.226.237.312.286-.12-.143-.241-.285-.382-.726-.344-.767-.666-1.235-1.043-2.169a135.64 135.64 0 01-.098-4.965c0-145.499.003-290.997.004-436.496 0-18.314-10.825-29.077-29.256-29.077-172.998 0-345.996.02-518.994-.069-6.83-.003-13.226.976-19.651 4.174-4.543-.338-5.083 2.867-6.143 6.027a610.223 610.223 0 01-4.606 8.193c-.16.32-.193.518-.165 1.152a47.482 47.482 0 01-.99 4.574c-.058.02-.16.086-.53.035-1.084-2.244-1.797-4.437-2.597-6.895L1 25m582.524 659.146l2.717-7.695c.852 4.476 1.213 8.748 1.287 13.025.063 3.627 1.775 3.657 4.672 2.495l-1.433-23.095c-4.248-1.362-6.43-.293-7.407 3.736-.927 3.825-2.47 7.5-4.077 12.227-1.507-4.727-2.93-8.282-3.74-11.97-.929-4.236-3.153-5.428-7.529-3.95l-1.467 23.41 1.862.842c.862-1.323 2.282-2.569 2.478-3.984.533-3.86.549-7.791.77-11.695 1.634 2.443 2.254 5.004 3.273 7.395 1.087 2.554 2.55 4.947 3.85 7.41 1.486-2.472 2.973-4.946 4.744-8.151m-25.73-4.612v-6.9c1.853-.114 3.086.056 4.12-.322 1-.366 1.795-1.295 2.68-1.976-.886-.678-1.748-1.899-2.663-1.94a135.434 135.434 0 00-12.975.03c-.921.047-1.783 1.262-2.673 1.938.91.67 1.733 1.579 2.752 1.949 1.158.42 2.49.36 4.216.564v19.35c3.648 1.17 4.782-.05 4.583-3.22-.176-2.82-.039-5.658-.04-9.473z"></path><path fill="#FEFFFD" d="M12.863 612.998c-2.926-2.177-8.213-1.943-7.47-7.945.142-1.142-2.397-2.617-4.046-3.996C1 409.312 1 217.625 1 25.47c1.386-.758 2.772-1.047 3.913-1.285.8 2.458 1.513 4.651 2.634 7.13.409.284.48.753.571 1.21.105 1.123.13 1.79.13 2.456.003 187.636.003 375.271-.006 562.907 0 1.663-.128 3.326-.178 5.337.95.503 1.881.656 2.812.81a57.709 57.709 0 01-.802-3.391 48.6 48.6 0 012.303-5.815c.42-.438.481-.755.41-1.033.03.069-.12.06.221-.08.529-1.073.716-2.007.919-3.29.97-2.4 1.924-4.453 3.223-6.523 1.295-.489 2.245-.96 2.916-1.292.94 1.343 1.726 2.466 2.425 3.902-.499 1.056-.91 1.798-1.622 2.725-.439.858-.577 1.53-.709 2.48-.147.608-.299.939-.668 1.288-.267.359-.317.699-.367 1.302-.093.41-.186.559-.478.862-.265.474-.33.794-.418 1.028-.024-.086.09.052-.286.015-2.581 1.943-5.548 3.737-2.122 7.411-.23.676-.452 1.032-1.017 1.388-.976.476-2.129.93-2.149 1.43-.074 1.873.221 3.76.406 5.884.027.242-.198.673-.198.673z"></path><path fill="#065FAA" d="M12.18 594.98c-.706 1.77-1.412 3.538-2.276 5.905-.724 1.063-1.291 1.527-1.86 1.99.07-1.662.198-3.325.198-4.988.01-187.636.009-375.271.007-562.907 0-.666-.026-1.333-.01-2.613.132-.895.076-1.138-.143-1.344.316-1.376.631-2.751 1.067-4.66.268-.75.264-.964.11-1.175 1.465-2.577 2.929-5.155 4.816-8.208a416.81 416.81 0 016.265-5.845c6.015-3.235 12.412-4.214 19.24-4.21 172.999.087 345.997.067 518.995.068 18.431 0 29.256 10.763 29.256 29.077 0 145.499-.004 290.997-.004 436.496 0 1.5.029 3-.201 4.954-.678.046-1.11-.363-1.542-.772-.626-1.732-1.252-3.464-2.07-5.735-.412-.774-.635-1.008-.857-1.242 0 0-.034.106-.026-.256-.66-1.556-1.329-2.75-1.997-3.942 0 0-.01-.358-.157-.747-.389-.647-.63-.904-.87-1.162-1.957-3.39-3.913-6.778-6.197-10.73-4.223-5.54-7.826-10.782-12.066-15.445-21.652-23.81-48.88-38.712-79.126-48.456-48.007-15.464-97.166-17.062-146.718-10.694-59.05 7.588-114.683 26.102-166.937 54.593-48.494 26.44-91.253 59.862-124.746 104.262-10.94 14.503-20.645 29.8-27.526 46.726-.954 2.052-1.908 4.105-3.133 6.736-.515 1.453-.76 2.326-1.006 3.2 0 0 .151.008-.094.075-.294.395-.343.722-.391 1.05m116.736-313.458l-2.932-53.308c-5.808 0-11.296.36-16.714-.107-4.864-.419-6.91 1.33-8.212 6-4.312 15.458-9.108 30.782-13.467 45.319-4.25-15.26-8.665-31.287-13.249-47.264-.421-1.47-1.876-3.707-2.939-3.758-7.064-.337-14.152-.174-21.435-.174-.827 13.39-1.589 26.012-2.392 38.633-.81 12.716-1.66 25.43-2.502 38.287h16.333l2.735-57.573c4.306 16.173 8.398 31.747 12.612 47.288 2.572 9.482 2.657 9.343 12.31 9.37 2.947.008 4.424-.721 5.231-3.774 1.7-6.43 3.889-12.729 5.854-19.089 3.464-11.207 6.91-22.42 10.643-34.534l2.222 58.336h17.1c-.395-7.761-.774-15.226-1.198-23.652m27.917-53.414c-2.503.88-5.131 1.506-7.487 2.68-15.87 7.905-17.165 27.377-2.364 37.08 3.71 2.431 8.033 3.932 12.082 5.844 2.548 1.203 5.587 1.868 7.532 3.702 1.958 1.845 4.214 5.088 3.82 7.261-.447 2.456-3.378 4.949-5.835 6.395-1.95 1.148-4.896 1.278-7.257.92-5.998-.912-11.917-2.352-18.228-3.655l-3.335 13.613c12.284 5.117 24.286 6.369 36.532 2.415 7.717-2.492 13.375-7.407 15.57-15.514 2.776-10.259-.73-19.408-10.054-24.756-5.443-3.123-11.474-5.207-17.16-7.925-3.388-1.62-6.695-3.684-5.834-8.22.867-4.57 4.614-6.24 8.571-6.09 6.05.229 12.067 1.31 18.63 2.094l3.58-12.929c-9.428-3.864-18.537-4.734-28.763-2.915m52.042 6.181c-19.661 13.081-20.139 41.023-10.801 55.833 9.771 15.498 36.062 21.922 54.203 12.87l-2.502-13.147c-12.876 3.003-24.998 4.76-34.174-6.557-6.32-7.795-6.865-22.623-1.05-31.186 8.977-13.22 21.916-11.349 35.25-8.029 1.219-4.584 2.384-8.973 3.515-13.23-12.94-5.997-30.572-4.608-44.441 3.446m54.906 104.327c-.228-3.144-.108-6.362-.75-9.419-1.773-8.432-10.938-11.849-17.881-6.8-1.318.959-2.437 2.193-3.651 3.303-5.832-7.144-11.461-7.48-19.474-1.083-.844-5.549-4.63-3.439-7.736-3.527v33.34h8.426c0-2.146-.002-3.945 0-5.744.007-4.828-.091-9.659.056-14.482.123-4.047 2.27-6.801 6.409-6.828 4.029-.027 5.041 3.263 5.413 6.577.222 1.977.126 3.991.132 5.988.014 4.777.005 9.555.005 14.446h8.382v-5.378c-.002-4.495-.053-8.991.006-13.485.064-4.919 2.55-8.408 6.141-8.222 4.81.25 5.724 3.818 5.865 7.761.072 1.996.027 3.995.028 5.993.003 4.436.001 8.871.001 13.333h8.629v-15.773m-48.428-194.524c1.825-.142 3.78.085 5.448-.503 3.388-1.193 7.222-2.143 9.802-4.41 6.878-6.048 4.966-14.424-4.314-20.808 4.71-2.803 7.698-6.62 6.336-12.351-1.285-5.406-5.558-8.137-10.544-8.614-6.505-.622-13.115-.152-19.535-.152v46.842c4.233 0 8.042 0 12.807-.004M58.642 115.786h-5.864V97.415h-8.29v45.963h8.478v-19.919h19.228v19.986h8.395V97.409h-8.556v18.378H58.642m64.907-87.792c-1.13 1.028-3.23 2.04-3.246 3.085-.217 14.275-.146 28.553-.146 43.085h8.958v-18.64c8.341-.454 10.265.92 12.064 8.283.316 1.292.61 2.59.93 3.882 1.882 7.582 2.628 8.016 10.861 6.088-3.123-7.135-2.056-15.876-8.992-21.398 6.833-5.144 8.843-9.53 6.97-15.696-2.022-6.65-7.454-8.59-13.578-8.957-4.295-.258-8.628.106-13.82.268m181.215 99.79c.971 3.162 2.037 6.299 2.895 9.491 2.006 7.457 2.51 7.77 11.045 5.437l-8.055-22.128c5.344-3.695 7.458-8.278 5.847-14.274-1.513-5.635-6.22-8.953-13.806-9.334-4.142-.207-8.309.153-12.461.08-3.54-.063-4.885 1.228-4.792 5.007.262 10.638.092 21.286.093 31.93v9.37h8.723v-19.672c3.86 1.332 6.938 2.394 10.511 4.093m-1.86-86.274V74.14h8.872V55.601c8.296-.615 10.318.802 12.179 8.145.367 1.449.652 2.918 1.016 4.368 1.797 7.157 3.08 7.84 10.272 5.507-3.037-14.736-3.714-16.44-8.542-21.316.681-.496 1.33-.993 2.003-1.456 4.647-3.19 6.179-7.703 5.22-13.054-.923-5.142-4.334-8.707-9.272-9.177-7.114-.676-14.339-.172-21.748-.172V41.51m118.794 327.506c11.354.025 17.952-3.255 18.678-11.65 1.036-11.97.264-24.095.264-37.041l-8.756 2.682c-5.523-4.245-12.338-4.08-17.865 1.245-6.132 5.907-7.148 17.484-2.142 24.418 4.706 6.521 11.087 7.278 21.379 2.742-.85 3.08-1.485 6.726-3.65 8.65-4.888 4.346-10.616 1.67-16.23.072l-1.86 6.804c3.52.766 6.403 1.394 10.182 2.078M150.37 194.187c1.574 2.545 3.512 4.938 4.65 7.665 2.631 6.312 7.291 7.187 13.661 5.518l-16.57-26.167 15.462-19.326c-7.395-2.418-11.862.253-15.363 6.137-2.715 4.562-6.304 8.605-9.504 12.878l-1.05-.398v-18.938h-8.147v46.053h7.842c2.243-6.791-2.593-14.7 4.65-20.548 1.427 2.313 2.718 4.407 4.37 7.126M102.795 353.87c6.622 2.159 7.943 1.6 9.77-4.338 1.708-5.551 3.327-11.129 5.187-17.373 1.963 6.889 3.826 13.073 5.455 19.318.662 2.538 1.925 3.27 4.527 3.41 3.461.185 4.981-.994 5.937-4.315 2.814-9.781 5.983-19.46 9.067-29.353h-8.605l-5.78 23.974-6.74-23.921h-7.25l-6.974 24.267-5.582-24.28h-8.846c3.221 10.91 6.323 21.413 9.834 32.61m63.593-7.889l4.114-13.758c1.805 6.253 3.547 11.97 5.084 17.74.764 2.874 1.351 4.996 5.324 4.997 3.807 0 4.742-1.788 5.578-4.752 1.486-5.272 3.233-10.47 4.864-15.702 1.355-4.346 2.7-8.694 4.162-13.41h-8.524l-5.962 24.075c-1.939-7.012-3.463-12.572-5.015-18.125-1.855-6.636-1.866-6.633-8.951-5.653l-6.894 24.212-5.63-24.44h-8.876c3.074 10.368 6.185 20.341 8.926 30.416.837 3.074 2.576 3.23 5.096 3.275 2.605.046 4.548-.302 5.08-3.327.286-1.625.918-3.189 1.624-5.548M64.226 333.977c.195-.23.357-.585.597-.652.212-.058.694.156.747.34 1.748 6.07 3.313 12.2 5.295 18.192.407 1.233 2.308 2.682 3.588 2.748 1.832.096 5.01-.539 5.394-1.637 3.644-10.42 6.818-21.005 10.165-31.663-8.385-.774-8.395-.777-10.176 6.454-1.38 5.605-2.732 11.217-4.252 17.47l-6.674-23.936c-7.105-.69-7.108-.69-8.895 5.538-1.624 5.658-3.238 11.318-4.856 16.978l-.868-.118-5.259-22.559h-8.795c3.122 10.66 6.01 21.037 9.356 31.264.397 1.213 3.312 2.217 5.044 2.191 1.483-.021 3.802-1.349 4.263-2.633 2.02-5.625 3.499-11.445 5.326-17.977m205.42-220.186c-.838-2.523-1.695-5.039-2.508-7.57-3.165-9.847-3.16-9.848-14.053-8.768l-14.657 45.79c8.6 1.103 8.548 1.086 10.899-6.28.687-2.153 1.473-5.759 2.708-5.984 4.181-.762 8.694-.85 12.84-.009 1.381.28 2.244 4.067 2.989 6.367 2.404 7.424 2.754 7.662 11.223 5.598-3.073-9.477-6.14-18.933-9.442-29.144m-152.467 25.57c1.223 6.863 6.344 3.786 10.842 4.331L112.845 97.1c-3.306 0-5.983-.18-8.614.09-1.056.108-2.627 1.006-2.918 1.888-4.818 14.645-9.47 29.344-14.178 44.088 8.573 1.382 8.574 1.383 10.815-6.007.434-1.433.685-2.954 1.336-4.279.45-.914 1.42-2.196 2.196-2.222 4.138-.14 8.524-.69 12.326.497 1.662.519 2.14 4.833 3.37 8.205M339.72 72.746c2.627 2.975 7.92 2.577 9.11-.76.946-2.653 1.563-5.425 2.525-8.072.356-.977 1.245-2.457 1.955-2.495 4.137-.22 8.504-.82 12.344.279 1.674.479 2.463 4.63 3.332 7.22 2.114 6.305 4.221 7.26 10.904 4.564L365.046 27.88c-1.568 0-2.907.172-4.187-.03-5.02-.796-7.535.88-9 6.19-3.529 12.786-7.91 25.337-12.139 38.706M267.424 53.5v20.666h27.88v-7.22h-18.868V53.602h16.96V46.6H276.42V34.774h17.916v-6.551h-26.913V53.5m-67.892 129.187c-1.262-.838-2.48-2.308-3.793-2.398-4.424-.303-8.881-.116-13.4-.116v-11.839h17.948v-6.87h-26.715v46.19h27.581v-6.903H182.36v-13.369c4.668 0 8.997-.174 13.304.06 3.066.166 4.376-.848 3.869-4.755M84.722 46.5v27.64h27.868v-7.15H93.515v-13.3h17.093v-6.947H93.483V34.9h18.057v-6.69H85.08c-.158.667-.297.983-.3 1.3-.03 5.33-.042 10.66-.06 16.99m11.366 127.091c-.127 5.462 2.723 9.125 7.29 11.546 2.926 1.551 6.433 2.248 8.958 4.242 2.04 1.61 4.436 4.87 4.04 6.88-.397 2.017-3.95 4.588-6.301 4.788-4.124.351-8.386-.923-12.988-1.572l-1.628 5.952a26.025 26.025 0 0019.637 2.405c6.084-1.684 9.951-6.035 10.556-11.878.593-5.733-1.968-10.301-7.723-13.306-2.937-1.534-6.355-2.328-8.954-4.263-1.82-1.356-3.917-4.37-3.524-6.108.406-1.796 3.559-3.896 5.716-4.158 3.463-.42 7.095.566 10.886.982.528-1.896 1.09-3.918 1.635-5.87-12.167-6.268-24.863-1.743-27.6 10.36M55.055 29.358c-12.58 6.954-17.178 21.585-10.77 34.267 5.367 10.623 20.39 14.906 33.12 9.133l-1.174-6.232c-8.843 1.904-17.426 3.139-22.843-5.5-4-6.38-3.881-13.613.177-19.922 5.482-8.523 13.958-7.517 22.6-5.314l1.724-6.642c-7.596-2.991-14.844-2.773-22.834.21M44.13 177.503v30.042h8.949v-19.67h16.536v-6.958H53.156V168.58h17.636v-7.164H44.13v16.086m335.585 164.3c.959-10.501-1.963-16.965-9.125-20.188-8.792-3.956-19.78 0-23.272 8.382-4.213 10.11.105 21.254 9.487 24.484 9.983 3.437 19.551-1.578 22.91-12.679M241.146 30.493c-.51-.862-1.006-2.465-1.532-2.475-8.404-.157-16.812-.11-25.146-.11v46.31h8.571v-19.67h16.583V47.51h-16.427V34.945c5.15 0 9.959-.149 14.753.056 2.83.12 3.485-1.16 3.198-4.508M515.64 340.194h15.315c.088-1.88.204-3.032.186-4.183-.148-9.052-4.86-14.894-12.724-15.815-8.168-.956-15.3 4.09-17.472 12.36-2.078 7.913-.142 15.564 5.426 19.425 7.251 5.029 14.923 3.811 23.052 1.216l-1.478-5.465c-14.615 1.833-18.678.197-18.69-7.538h6.385M347.439 97.1h-26.307v7.504h12.97v38.846h8.741v-38.979h12.873V97.1h-8.276m-170.47 1.76l-8.334-2.514v47.052h27.059v-7.204h-18.709c0-12.518 0-24.457-.016-37.334m-17.802 44.909c5.501-.837 2.1-4.503 2.804-7.624h-19.165V97.413h-8.265v46.359c8.117 0 15.9 0 24.626-.002m-3.727-111.424c1.011.902 1.952 2.464 3.048 2.581 3.238.348 6.538.125 10.409.125v39.185h8.471V34.85h12.93v-6.964c-10.974 0-21.614-.087-32.246.156-.911.02-1.772 2.235-2.612 4.303m249.105 2.7h6.95v-6.87h-34.458v7.032h12.847v38.968h8.679v-39.13h5.982m87.335 317.507c6.118-6.916 4.659-13.82-3.712-17.508-1.52-.67-3.268-1.015-4.548-1.987-1.168-.887-2.849-2.924-2.528-3.567.672-1.345 2.462-2.842 3.886-2.942 2.376-.167 4.825.714 7.615 1.221l1.512-5.348c-5.558-2.608-10.462-3.013-14.823-1.273-4.05 1.616-6.595 4.582-6.896 8.97-.28 4.088 1.966 6.941 5.466 8.778 1.907 1.001 4.167 1.453 5.855 2.707 1.4 1.04 2.197 2.894 3.26 4.386-1.698 1.016-3.376 2.82-5.102 2.87-2.834.08-5.7-.98-8.54-1.557-2.246 6.04-1.828 7.306 4.372 7.555 4.484.18 9.03-1.19 14.183-2.305m-209.757-3.57l-9.743-1.512c-2.217 5.254-2.288 6.148.722 6.465 5.142.542 10.67.932 15.498-.468 2.567-.744 4.894-5.148 5.723-8.32.973-3.723-1.336-7.068-4.938-8.938-2.057-1.067-4.456-1.591-6.296-2.92-1.368-.989-2.085-2.878-3.091-4.366 1.645-.859 3.253-2.319 4.945-2.424 2.14-.134 4.35.834 6.688 1.363l1.435-5.615c-5.347-2.589-10.443-2.925-15.626-.673-3.682 1.601-6.397 4.61-5.793 8.443.48 3.04 2.705 6.08 4.861 8.486 1.418 1.583 4.127 1.971 6.196 3.016 4.416 2.23 4.469 4.5-.581 7.462m38.073 6.133l6.05-1.417-1.346-6.153c-5.896 1.004-11.573 2.17-15.183-3.67-2.467-3.993-2.454-8.319.059-12.316 3.616-5.754 9.176-4.887 14.956-3.596l1.405-6.142c-11.403-3.633-21.215-.367-25.146 7.969-4.98 10.555-.412 27.229 19.205 25.325M87.967 164.766c-.47-7.54-5.655-1.737-8.491-3.877v46.818h8.488c0-14.164 0-28.08.002-42.94m116.654-95.57V28.093h-8.46v45.895c7.853 1.368 8.165 1.22 8.46-4.79m51.53 5.329c.589-.64 1.688-1.277 1.692-1.921.097-14.746.075-29.493.075-44.358h-8.402v46.31c2.161 0 3.966 0 6.635-.031m130.743 271.91v7.987h8.649v-13.242c.004-10.425.623-11.256 9.968-13.594v-8.956l-11.13 6.182-.676-3.572h-6.81l-.001 25.194m69.194.249l13.033-38.95c-4.372-1.457-6.324-.242-7.479 3.688-2.248 7.65-5.05 15.135-7.575 22.704-2.507 7.51-4.955 15.04-7.442 22.603 4.183 1.387 6.518.454 7.336-3.621.388-1.937 1.266-3.776 2.127-6.424M113.598 92.917c2.26-3.41 2.144-6.73-1.189-9.188-3.25-2.398-7.27-2.519-9.984.396-1.534 1.648-2.41 5.34-1.648 7.395 1.593 4.296 5.792 4.283 9.734 3.403.917-.204 1.713-.947 3.087-2.006m89.51 251.52c-1.973 1.12-4.774 1.776-5.727 3.471-1.455 2.584-.662 6.074 2.567 6.82 2.016.464 5.578-.553 6.602-2.115 1.963-2.996 1.32-6.382-3.442-8.176m133.984 10.829c4.444-1.307 5.22-4.776 3.368-8.064-.87-1.543-4.5-2.586-6.541-2.175-3.327.67-3.947 4.133-2.692 6.767.79 1.66 3.366 2.468 5.865 3.472z"></path><path fill="#055EAA" d="M21.171 589.052c.41-.742.821-1.484 1.52-2.797 18.944-41.05 47.397-73.758 81.384-101.907 48.803-40.422 104.29-68.185 165.042-85.58 58.023-16.613 116.918-23.139 176.83-12.653 47.132 8.25 89.444 25.954 119.936 65.127 3.427 5.8 6.855 11.6 10.587 17.99 1.03 2.024 1.756 3.457 2.481 4.89.266.787.531 1.573.969 2.923a57.969 57.969 0 001.458 3.267s0 .238.09.412c.089.175.199.292.199.292.088.463.177.925.415 1.967.361.849.573 1.119.786 1.389 3.74 13.707 6.104 27.593 5.626 41.873-1.108 33.067-12.651 62.715-29.92 90.385-24.283 38.91-56.68 70.036-94.064 96.085-61.76 43.036-130.205 69.2-204.763 78.986-46.5 6.102-92.737 4.699-138.047-8.791-32.128-9.565-61.185-24.564-83.588-50.256-25.705-29.477-34.264-63.956-28.736-102.298.285-1.977.628-3.946 1.114-6.525.198-1.005.227-1.402.256-1.799.217-.88.435-1.761.83-3.2.212-.976.244-1.395.277-1.813.072-.162.145-.324.31-.848.238-.574.215-.767.024-.939.232-.475.464-.95.686-1.83-.01-.404.215-.835.415-1.362.753-2.694 1.306-4.862 1.86-7.03.22-.355.442-.71.851-1.656a3905.31 3905.31 0 012.32-7.105s-.114-.138.129-.188c.295-.383.347-.715.399-1.047.092-.148.185-.297.468-.82.394-.619.462-.896.394-1.207.152-.331.304-.662.71-1.49.419-1.147.586-1.796.752-2.445m389.2-88.147c-2.285 2.184-4.687 4.261-6.836 6.573-7.833 8.427-13.884 17.936-16.36 29.308-5.487 25.201 12.848 48.215 39.106 49.153 18.736.67 35.622-5.773 52.016-13.92 3.908-1.942 7.712-4.09 11.563-6.145l1.398 1.43c-7.072 8.708-13.633 17.898-21.314 26.028-19.579 20.724-43.459 35.622-68.667 48.427-50.197 25.5-103.626 41.668-158.272 54.229-5.35 1.23-10.735 2.316-16.113 3.424-5.184 1.069-10.38 2.08-15.57 3.116.83.84 1.59.986 2.347.972 41.411-.76 82.45-4.779 122.762-14.63 44.113-10.78 85.508-27.663 121.542-55.951 33-25.906 57.725-57.876 70.463-98.35 1.156-3.675 1.927-7.47 2.923-11.388-.957 0-1.175-.07-1.283.01a461.096 461.096 0 00-5.585 4.186c-17.704 13.518-36.483 25.113-57.842 31.998-11.666 3.76-23.453 6.18-35.84 3.633-19.017-3.91-28.593-15.377-26.694-34.647.913-9.264 4.48-18.266 7.276-27.464l-.117-.58c-.072.247-.144.494-.903.588m-199.204 57.762c-26.473 26.364-47.767 56.505-64.675 89.72-.847-.415-1.19-.502-1.423-.711-1.114-1.003-2.178-2.062-3.296-3.06-19.018-16.98-39.382-31.822-63.92-39.957-10.143-3.362-20.493-4.864-32.148-3.217 25.004 17.596 46.863 37.197 65.346 60.4 18.53 23.262 32.553 48.769 38.448 78.722.622-.882 1.018-1.232 1.15-1.662 19.509-63.584 54.055-118.155 100.36-165.36 63.899-65.14 142.05-104.549 230.153-125.46 11.822-2.806 23.768-5.089 35.657-7.614-1.895-.455-3.724-.495-5.551-.449-50.482 1.268-99.678 9.98-147.478 26.174-57.432 19.458-108.957 48.843-152.623 92.474M462.68 508.93c7.21.026 12.639-3.071 15.377-9.762 2.532-6.186 1.61-12.216-3.146-17.108-4.556-4.686-10.201-6.025-16.499-4-6.607 2.124-10.848 8.478-10.6 15.775.265 7.81 5.098 12.986 14.868 15.095z"></path><path fill="#F6F9FB" d="M566.043 450.913c-30.652-38.844-72.964-56.548-120.096-64.798-59.912-10.486-118.807-3.96-176.83 12.654-60.751 17.394-116.24 45.157-165.042 85.579-33.987 28.15-62.44 60.856-81.296 101.594-.987-.866-1.773-1.99-2.713-3.332-.671.333-1.621.803-2.916 1.292 6.536-16.908 16.24-32.205 27.18-46.708 33.494-44.4 76.253-77.821 124.747-104.262 52.254-28.49 107.888-47.005 166.937-54.593 49.552-6.368 98.711-4.77 146.718 10.694 30.247 9.744 57.474 24.646 79.126 48.456 4.24 4.663 7.843 9.906 11.821 15.202-1.156-.437-2.886-.906-3.532-2.01-1.487-2.536-2.598-1.613-4.104.232z"></path><path fill="#1969AF" d="M583.382 684.512a433.923 433.923 0 01-4.602 7.786c-1.3-2.464-2.763-4.857-3.85-7.41-1.019-2.392-1.639-4.953-3.274-7.396-.22 3.904-.236 7.835-.77 11.695-.195 1.415-1.615 2.661-2.477 3.984-.62-.28-1.242-.56-1.862-.842l1.467-23.41c4.376-1.478 6.6-.286 7.53 3.95.809 3.688 2.232 7.243 3.74 11.97 1.606-4.727 3.149-8.402 4.076-12.227.977-4.029 3.159-5.098 7.407-3.736l1.433 23.095c-2.897 1.162-4.609 1.132-4.672-2.495-.074-4.277-.435-8.55-1.287-13.025-.906 2.565-1.811 5.13-2.86 8.061z"></path><path fill="#276FB3" d="M557.794 680.027c.001 3.322-.136 6.16.04 8.98.199 3.17-.935 4.39-4.583 3.22v-19.35c-1.725-.204-3.058-.144-4.216-.564-1.019-.37-1.842-1.278-2.752-1.949.89-.676 1.752-1.891 2.673-1.938a135.3 135.3 0 0112.975-.03c.915.041 1.777 1.262 2.663 1.94-.885.681-1.68 1.61-2.68 1.976-1.034.378-2.267.208-4.12.321v7.394z"></path><path fill="#F6F9FB" d="M19.944 11.098c-1.537 1.827-3.484 3.617-5.72 5.552.637-2.685 1.177-5.89 5.72-5.552zM579.008 473.74c-.782-1.05-1.507-2.484-2.294-4.263 4.163-.889 3.156 1.554 2.294 4.263zm2.099-7.749c.71.775 1.377 1.968 2.09 3.503-.682-.8-1.407-1.942-2.09-3.503zm4.964 11.146c.46.02.891.43 1.623.85.622.478.944.946 1.286 1.714.02.299.018.301.018.301-.985-.825-1.97-1.65-2.927-2.865zm-4.508 2.838c-.613-.565-1.042-1.466-1.459-2.673.556.575 1.1 1.456 1.46 2.673zM8.04 31.044c.275.185.331.428.107.866-.12.157-.191-.312-.23-.546-.037-.234.065-.3.122-.32zM580.15 463.93c.211-.008.452.25.705.78-.217.01-.446-.253-.704-.78zM10.547 622.253c.17.176.141.573-.113 1.179-.178-.18-.131-.57.113-1.18zm1.086-5.006c.187.19.155.609-.112 1.247-.191-.193-.15-.606.112-1.247zm.498-1.893c.247.05.27.243 0 .553-.141-.084-.118-.26 0-.553zM9.195 25.318c.232.081.236.295-.044.618-.15-.1-.116-.298.044-.618zm573.987 444.698c.211-.01.434.223.647.711-.32.104-.53-.136-.647-.711zm-.324 14.097c-.203-.011-.415-.281-.613-.816.211.009.407.283.613.816zm6.143-4.113c.122.14.243.283.363.426-.086-.05-.171-.099-.312-.286-.054-.138-.052-.14-.05-.14zm-7.125.941c-.21.075-.32-.042-.346-.115.082-.174.19-.274.299-.374.085.138.171.276.047.49zM17.943 596.212c-.335 2.209-1.046 4.38-1.934 6.821-3.614-3.084-.647-4.878 1.934-6.82zm-3.139 8.799c-.21 2.167-.763 4.335-1.543 6.788-.385-1.597-.68-3.485-.606-5.358.02-.5 1.173-.954 2.149-1.43zm-6.74-1.787c.549-.812 1.116-1.276 1.853-1.983.432.77.696 1.781.96 2.793-.932-.154-1.863-.307-2.813-.81zm4.944-9.508c-.097-.734.149-1.607.648-2.711.068.703-.12 1.637-.648 2.71zm7.862-4.479c.135.464-.032 1.113-.457 1.982-.12-.451.017-1.124.456-1.982zm-1.378 3.768c.285.293.217.57-.177.927-.14-.228-.09-.568.177-.927zm-7.115 1.823c-.148-.175-.1-.502.164-.966.317.211.256.528-.164.966zm6.27.341c.148.177.096.51-.175.978-.155-.184-.09-.504.175-.978z"></path><path fill="#F9FBFC" d="M128.94 282.003c.401 7.946.78 15.411 1.175 23.172h-17.1l-2.222-58.336c-3.732 12.115-7.179 23.327-10.643 34.534-1.965 6.36-4.154 12.66-5.854 19.089-.807 3.053-2.284 3.782-5.232 3.774-9.652-.027-9.737.112-12.309-9.37-4.214-15.541-8.306-31.115-12.612-47.288l-2.735 57.573H45.075c.842-12.856 1.693-25.57 2.502-38.287.803-12.62 1.565-25.244 2.392-38.633 7.283 0 14.371-.163 21.435.174 1.063.05 2.518 2.288 2.94 3.758 4.583 15.977 8.997 32.003 13.248 47.264 4.36-14.537 9.155-29.861 13.467-45.32 1.302-4.668 3.348-6.418 8.212-5.999 5.418.466 10.906.107 16.714.107.996 18.11 1.964 35.708 2.954 53.788zm28.309-53.968c9.81-1.745 18.92-.875 28.349 2.989l-3.582 12.929c-6.562-.783-12.58-1.865-18.629-2.094-3.957-.15-7.704 1.52-8.571 6.09-.86 4.536 2.446 6.6 5.833 8.22 5.687 2.718 11.718 4.802 17.161 7.925 9.324 5.348 12.83 14.497 10.053 24.756-2.194 8.107-7.852 13.022-15.569 15.514-12.246 3.954-24.248 2.702-36.532-2.415l3.335-13.613c6.311 1.303 12.23 2.743 18.228 3.655 2.361.358 5.307.228 7.257-.92 2.457-1.446 5.388-3.94 5.834-6.395.395-2.173-1.86-5.416-3.819-7.261-1.945-1.834-4.984-2.5-7.532-3.702-4.049-1.912-8.371-3.413-12.082-5.845-14.801-9.702-13.506-29.174 2.364-37.08 2.356-1.173 4.984-1.8 7.902-2.753zm51.944 6.077c13.552-7.876 31.184-9.265 44.124-3.268l-3.514 13.23c-13.335-3.32-26.274-5.192-35.252 8.03-5.814 8.562-5.27 23.39 1.05 31.185 9.177 11.317 21.3 9.56 34.175 6.557l2.502 13.148c-18.14 9.051-44.432 2.627-54.203-12.871-9.338-14.81-8.86-42.752 11.118-56.011z"></path><path fill="#F1F6F9" d="M263.783 339.1v15.29h-8.629c0-4.462.002-8.897 0-13.333-.002-1.998.043-3.997-.029-5.993-.14-3.943-1.055-7.512-5.865-7.761-3.59-.186-6.077 3.303-6.141 8.222-.06 4.494-.008 8.99-.006 13.485v5.378h-8.382c0-4.891.01-9.669-.005-14.446-.006-1.997.09-4.011-.132-5.988-.372-3.314-1.384-6.604-5.413-6.577-4.138.027-6.286 2.78-6.41 6.828-.146 4.823-.048 9.654-.054 14.482-.003 1.8 0 3.598 0 5.743h-8.427v-33.339c3.106.088 6.892-2.022 7.736 3.527 8.013-6.398 13.642-6.06 19.474 1.083 1.214-1.11 2.333-2.344 3.65-3.303 6.944-5.049 16.11-1.632 17.881 6.8.643 3.057.523 6.275.752 9.902z"></path><path fill="#F2F7F9" d="M214.877 144.095c-4.287.002-8.096.002-12.33.002V97.255c6.421 0 13.03-.47 19.536.152 4.986.477 9.259 3.208 10.544 8.614 1.362 5.731-1.626 9.548-6.336 12.351 9.28 6.384 11.192 14.76 4.314 20.807-2.58 2.268-6.414 3.218-9.802 4.411-1.668.588-3.623.36-5.926.505m-2.296-21.806c-.568.658-1.602 1.3-1.626 1.978-.15 4.253-.076 8.515-.076 13.774 3.865-.572 7.35-.403 10.12-1.73 1.96-.939 4.105-3.923 4.067-5.955-.043-2.266-1.99-5.183-3.98-6.532-1.985-1.348-5.05-1.105-8.505-1.535m-1.72-16.476v9.969c5.224.329 10.331 1.2 12.6-4.128.75-1.76-.398-5.733-1.96-6.779-3.1-2.074-7.109-3.564-10.64.938z"></path><path fill="#F1F6F9" d="M59.122 115.786h12.911V97.41h8.556v46.036h-8.395V123.46H52.966v19.919h-8.478V97.415h8.29v18.371h6.344z"></path><path fill="#F3F7FA" d="M123.988 27.957c4.754-.124 9.087-.488 13.382-.23 6.124.368 11.556 2.306 13.577 8.957 1.874 6.166-.136 10.552-6.969 15.696 6.936 5.522 5.869 14.263 8.992 21.398-8.233 1.928-8.98 1.494-10.86-6.088-.32-1.292-.615-2.59-.93-3.882-1.8-7.363-3.724-8.737-12.065-8.282v18.639h-8.958c0-14.532-.071-28.81.146-43.085.016-1.044 2.115-2.057 3.685-3.123m11.034 6.119h-5.913v14.413c7.846 1.102 12.337-.69 13.495-5.25 1.11-4.372-1.102-7.362-7.582-9.163z"></path><path fill="#F5F9FA" d="M304.517 127.466c-3.325-1.38-6.402-2.442-10.263-3.774v19.671h-8.723v-9.368c0-10.645.169-21.293-.093-31.931-.093-3.78 1.251-5.07 4.792-5.007 4.152.073 8.32-.287 12.46-.08 7.588.38 12.294 3.699 13.807 9.334 1.61 5.996-.503 10.58-5.847 14.274l8.055 22.128c-8.535 2.332-9.04 2.02-11.045-5.437-.858-3.192-1.924-6.33-3.143-9.81m-3.534-9.415c6.014-1.724 8.455-5.228 6.91-9.92-1.46-4.438-7.698-6.116-13.485-3.692v13.662c2.092 0 3.896 0 6.575-.05zm1.922-77.038V28.446c7.409 0 14.634-.504 21.748.172 4.938.47 8.35 4.035 9.271 9.177.96 5.35-.572 9.863-5.219 13.054-.673.463-1.322.96-2.003 1.456 4.828 4.876 5.505 6.58 8.542 21.316-7.193 2.333-8.475 1.65-10.272-5.507-.364-1.45-.649-2.92-1.016-4.368-1.861-7.343-3.883-8.76-12.179-8.145V74.14h-8.872V41.013m13.382 8.01c6.677-.777 9.83-3.683 9.252-8.524-.635-5.322-5.39-7.412-14.135-5.788 0 3.454.217 7.062-.064 10.631-.261 3.323 1.26 4.077 4.947 3.682zM421.25 368.989c-3.33-.656-6.212-1.284-9.732-2.05l1.859-6.804c5.614 1.598 11.342 4.274 16.23-.072 2.165-1.924 2.8-5.57 3.65-8.65-10.292 4.536-16.673 3.78-21.38-2.742-5.005-6.934-3.989-18.51 2.143-24.418 5.527-5.325 12.342-5.49 17.865-1.245l8.756-2.682c0 12.946.772 25.072-.264 37.041-.726 8.395-7.324 11.675-19.126 11.622m5.877-41.977c-4.797-.604-7.59 1.838-8.964 6.128-1.605 5.01-.16 11.01 3.037 13.365a7.195 7.195 0 0010.17-1.652c3.311-4.686 1.392-14.45-4.243-17.841z"></path><path fill="#F1F6F9" d="M150.192 193.874c-1.472-2.406-2.763-4.5-4.19-6.813-7.243 5.849-2.407 13.757-4.65 20.548h-7.842v-46.053h8.146v18.938l1.05.398c3.201-4.273 6.79-8.316 9.505-12.878 3.501-5.884 7.968-8.555 15.363-6.137l-15.462 19.326 16.57 26.167c-6.37 1.669-11.03.794-13.662-5.518-1.137-2.727-3.075-5.12-4.828-7.978zm-47.6 159.649c-3.307-10.85-6.409-21.355-9.63-32.264h8.846l5.582 24.28 6.974-24.267h7.25l6.74 23.92 5.78-23.973h8.605c-3.084 9.893-6.253 19.572-9.067 29.353-.956 3.321-2.476 4.5-5.937 4.315-2.602-.14-3.865-.872-4.527-3.41-1.629-6.245-3.492-12.43-5.455-19.318-1.86 6.244-3.48 11.822-5.187 17.373-1.827 5.939-3.148 6.497-9.974 3.991zm63.682-7.159c-.591 1.975-1.223 3.54-1.509 5.164-.532 3.025-2.475 3.373-5.08 3.327-2.52-.045-4.26-.201-5.096-3.275-2.741-10.075-5.852-20.048-8.926-30.416h8.876l5.63 24.44 6.894-24.212c7.085-.98 7.096-.983 8.95 5.653 1.553 5.553 3.077 11.113 5.016 18.125l5.962-24.075h8.524c-1.463 4.716-2.807 9.064-4.162 13.41-1.63 5.231-3.378 10.43-4.864 15.702-.836 2.964-1.77 4.752-5.578 4.752-3.973 0-4.56-2.123-5.324-4.996-1.537-5.772-3.279-11.488-5.084-17.74l-4.229 14.141zM64.15 334.368c-1.751 6.14-3.23 11.96-5.25 17.586-.461 1.284-2.78 2.612-4.263 2.633-1.732.026-4.647-.978-5.044-2.19-3.347-10.228-6.234-20.605-9.356-31.265h8.795l5.26 22.559.867.118c1.618-5.66 3.232-11.32 4.856-16.978 1.787-6.229 1.79-6.228 8.895-5.538l6.674 23.935c1.52-6.252 2.872-11.864 4.252-17.469 1.78-7.23 1.79-7.228 10.176-6.454-3.347 10.658-6.52 21.242-10.165 31.663-.384 1.098-3.562 1.733-5.394 1.637-1.28-.066-3.18-1.515-3.588-2.748-1.982-5.992-3.547-12.122-5.295-18.193-.053-.183-.535-.397-.747-.339-.24.067-.402.422-.673 1.043z"></path><path fill="#F2F7F9" d="M269.763 114.17c3.185 9.832 6.251 19.288 9.324 28.765-8.469 2.064-8.82 1.826-11.223-5.598-.745-2.3-1.608-6.087-2.99-6.367-4.145-.841-8.658-.753-12.839.01-1.235.224-2.02 3.83-2.708 5.983-2.351 7.366-2.3 7.383-10.899 6.28l14.657-45.79c10.893-1.08 10.888-1.079 14.053 8.769.813 2.53 1.67 5.046 2.625 7.947m-9.697-3.67l-1.659-5.797-5.536 19.094h11.355c-1.401-4.407-2.694-8.473-4.16-13.297z"></path><path fill="#F3F7FA" d="M117.07 138.97c-1.123-2.982-1.6-7.296-3.262-7.815-3.802-1.186-8.188-.637-12.326-.497-.775.026-1.747 1.308-2.196 2.222-.651 1.325-.902 2.846-1.336 4.279-2.24 7.39-2.242 7.39-10.815 6.007 4.708-14.744 9.36-29.443 14.178-44.088.29-.882 1.862-1.78 2.918-1.889 2.63-.27 5.308-.089 8.614-.089l15.175 46.592c-4.498-.545-9.62 2.532-10.95-4.723m-12.055-14.95h7.95l-5.887-19.068c-1.838 6.046-3.338 11.092-4.915 16.114-.616 1.96-.567 3.292 2.852 2.954z"></path><path fill="#F5F9FA" d="M339.817 72.384c4.133-13.007 8.513-25.558 12.042-38.344 1.465-5.31 3.98-6.986 9-6.19 1.28.202 2.619.03 4.187.03l14.844 45.602c-6.683 2.696-8.79 1.741-10.904-4.563-.869-2.592-1.658-6.742-3.332-7.221-3.84-1.1-8.207-.5-12.344-.279-.71.038-1.6 1.518-1.955 2.495-.962 2.647-1.579 5.419-2.525 8.073-1.19 3.336-6.483 3.734-9.013.397m15.049-21.975l-.95 3.992h11.118L359.266 35.6a1954.666 1954.666 0 00-4.4 14.81z"></path><path fill="#F1F6F9" d="M267.424 53V28.223h26.913v6.55h-17.916V46.6h16.974v7h-16.959v13.346h18.867v7.219h-27.88V53zm-67.885 130.1c.5 3.494-.81 4.508-3.876 4.341-4.307-.233-8.636-.059-13.304-.059v13.37h18.794v6.903h-27.581v-46.191h26.715v6.87H182.34v11.84c4.518 0 8.975-.188 13.399.115 1.313.09 2.531 1.56 3.8 2.812z"></path><path fill="#F6F9FB" d="M84.722 46c.017-5.83.03-11.16.06-16.49.002-.317.14-.633.3-1.3h26.458v6.691H93.483v11.842h17.125v6.947H93.515v13.3h19.075v7.15H84.722V46z"></path><path fill="#F2F7F9" d="M96.107 173.186c2.717-11.698 15.413-16.223 27.58-9.956l-1.635 5.871c-3.791-.416-7.423-1.401-10.886-.982-2.157.262-5.31 2.362-5.716 4.158-.393 1.738 1.703 4.752 3.524 6.108 2.6 1.935 6.017 2.73 8.954 4.263 5.755 3.005 8.316 7.573 7.723 13.306-.605 5.843-4.472 10.194-10.556 11.878a26.025 26.025 0 01-19.637-2.405l1.628-5.952c4.602.65 8.864 1.923 12.988 1.572 2.351-.2 5.904-2.77 6.301-4.789.396-2.01-2-5.268-4.04-6.88-2.525-1.993-6.032-2.69-8.958-4.24-4.567-2.422-7.417-6.085-7.27-11.952z"></path><path fill="#F3F7FA" d="M55.41 29.212c7.635-2.837 14.883-3.055 22.48-.064l-1.725 6.642c-8.642-2.203-17.118-3.209-22.6 5.314-4.058 6.309-4.178 13.542-.177 19.922 5.417 8.639 14 7.404 22.843 5.5l1.173 6.232c-12.728 5.773-27.752 1.49-33.12-9.133-6.407-12.682-1.808-27.313 11.126-34.413z"></path><path fill="#F1F6F9" d="M44.13 177.004v-15.587h26.662v7.164H53.156v12.336h16.459v6.958H53.079v19.67h-8.95v-30.541z"></path><path fill="#F4F8FA" d="M379.591 342.202c-3.235 10.701-12.803 15.716-22.786 12.28-9.382-3.23-13.7-14.374-9.487-24.485 3.492-8.381 14.48-12.338 23.272-8.382 7.162 3.223 10.084 9.687 9.001 20.587m-15.424 6.775c7.406-3.35 9.746-15.366 3.55-20.345-1.855-1.49-5.666-1.789-8.092-1.044-3.819 1.173-5.634 7.35-4.555 13.164.85 4.573 2.873 8.199 9.097 8.225z"></path><path fill="#F1F6F9" d="M241.148 30.967c.285 2.873-.37 4.155-3.2 4.034-4.794-.205-9.604-.056-14.753-.056v12.564h16.427v7.038H223.04v19.672h-8.571V27.907c8.334 0 16.742-.046 25.146.11.526.01 1.022 1.614 1.534 2.95z"></path><path fill="#F4F8FA" d="M515.164 340.194h-5.91c.012 7.735 4.075 9.371 18.69 7.538l1.478 5.465c-8.13 2.595-15.8 3.813-23.052-1.216-5.568-3.86-7.504-11.512-5.426-19.424 2.172-8.271 9.304-13.317 17.472-12.36 7.864.92 12.576 6.762 12.724 15.814.018 1.15-.098 2.304-.186 4.183h-15.79m6.023-11.784c-6.22-4.344-11.243-2.088-11.958 5.271h14.11c-.677-1.898-1.168-3.27-2.152-5.271z"></path><path fill="#F3F7FA" d="M347.928 97.1h7.788v7.371h-12.873v38.98h-8.74v-38.847h-12.971V97.1h26.796z"></path><path fill="#EBF2F7" d="M176.978 99.33c.008 12.408.008 24.347.008 36.865h18.709v7.204h-27.06V96.347c3.042.917 5.689 1.716 8.343 2.983zm-18.281 44.44c-8.254.002-16.038.002-24.155.002v-46.36h8.265v38.734h19.165c-.705 3.12 2.697 6.787-3.275 7.625z"></path><path fill="#FBFDFD" d="M155.419 31.91c.862-1.632 1.723-3.846 2.634-3.867 10.632-.243 21.272-.156 32.246-.156v6.964h-12.93v39.386h-8.471V35.052c-3.87 0-7.17.223-10.409-.125-1.096-.117-2.037-1.679-3.07-3.018zm248.663 3.135h-5.518v39.13h-8.68V35.209h-12.846v-7.031h34.457v6.868h-7.413z"></path><path fill="#F1F6F9" d="M491.563 352.77c-4.836.897-9.381 2.267-13.865 2.087-6.2-.249-6.618-1.514-4.373-7.555 2.84.576 5.707 1.636 8.54 1.556 1.727-.048 3.405-1.853 5.104-2.869-1.064-1.492-1.86-3.345-3.261-4.386-1.688-1.254-3.948-1.706-5.855-2.707-3.5-1.837-5.745-4.69-5.466-8.778.3-4.388 2.846-7.354 6.896-8.97 4.36-1.74 9.265-1.335 14.823 1.273l-1.512 5.348c-2.79-.507-5.24-1.388-7.615-1.22-1.424.1-3.214 1.596-3.886 2.941-.32.643 1.36 2.68 2.528 3.567 1.28.972 3.027 1.317 4.548 1.987 8.37 3.687 9.83 10.592 3.394 17.726zm-209.031-3.843c4.642-2.907 4.589-5.178.173-7.408-2.07-1.045-4.778-1.433-6.196-3.016-2.156-2.407-4.382-5.446-4.861-8.486-.604-3.833 2.111-6.842 5.793-8.443 5.183-2.252 10.279-1.916 15.626.673l-1.435 5.615c-2.338-.529-4.547-1.497-6.688-1.363-1.692.105-3.3 1.565-4.945 2.424 1.006 1.488 1.723 3.377 3.09 4.365 1.84 1.33 4.24 1.854 6.297 2.921 3.602 1.87 5.91 5.215 4.938 8.938-.829 3.172-3.156 7.576-5.723 8.32-4.828 1.4-10.356 1.01-15.498.468-3.01-.317-2.939-1.21-.722-6.465 3.292.51 6.517 1.011 10.151 1.457z"></path><path fill="#F2F7F9" d="M319.742 355.15c-19.162 1.868-23.73-14.806-18.75-25.361 3.931-8.336 13.743-11.602 25.146-7.969l-1.405 6.142c-5.78-1.29-11.34-2.158-14.956 3.596-2.513 3.997-2.526 8.323-.059 12.315 3.61 5.842 9.287 4.675 15.183 3.671l1.346 6.153c-2.252.527-4.151.972-6.505 1.452z"></path><path fill="#EFF4F9" d="M87.965 165.24l-.001 42.467h-8.488v-46.818c2.836 2.14 8.02-3.663 8.49 4.35zM204.62 69.657c-.295 5.55-.607 5.699-8.46 4.33V28.094h8.46v41.564z"></path><path fill="#F1F6F9" d="M255.718 74.542c-2.237.016-4.042.016-6.203.016v-46.31h8.402c0 14.865.022 29.612-.075 44.358-.004.644-1.103 1.28-2.124 1.936z"></path><path fill="#F5F9FA" d="M386.893 345.944v-24.702h6.811l.675 3.572 11.13-6.182v8.956c-9.344 2.338-9.963 3.169-9.967 13.594v13.242h-8.65l.001-8.48z"></path><path fill="#EFF4F9" d="M455.984 347.067c-.758 2.266-1.636 4.105-2.024 6.042-.818 4.075-3.153 5.008-7.336 3.621 2.487-7.562 4.935-15.092 7.442-22.603 2.525-7.569 5.327-15.054 7.575-22.704 1.155-3.93 3.107-5.145 7.479-3.689a24131.004 24131.004 0 00-13.136 39.333z"></path><path fill="#EBF2F7" d="M113.337 93.198c-1.113.778-1.91 1.52-2.826 1.725-3.942.88-8.14.893-9.734-3.403-.762-2.054.114-5.747 1.648-7.395 2.715-2.915 6.734-2.794 9.984-.396 3.333 2.458 3.45 5.778.928 9.47m-8.617-3.24c1.462.53 2.905 1.286 4.402 1.417.335.03 1.397-2.264 1.15-3.243-.248-.982-2.314-2.492-2.544-2.326-1.25.9-2.18 2.245-3.008 4.152z"></path><path fill="#F1F6F9" d="M203.463 344.539c4.406 1.692 5.05 5.078 3.087 8.074-1.024 1.562-4.586 2.58-6.602 2.114-3.23-.745-4.022-4.235-2.567-6.819.953-1.695 3.754-2.35 6.082-3.37z"></path><path fill="#F4F8FA" d="M336.73 355.359c-2.137-1.097-4.712-1.906-5.503-3.565-1.255-2.634-.635-6.097 2.692-6.767 2.04-.41 5.671.632 6.54 2.175 1.854 3.288 1.077 6.757-3.73 8.157z"></path><path fill="#FBFDFD" d="M211.417 558.417c43.416-43.38 94.941-72.766 152.373-92.224 47.8-16.194 96.996-24.906 147.478-26.174 1.827-.046 3.656-.006 5.55.45-11.888 2.524-23.834 4.807-35.656 7.613-88.102 20.911-166.254 60.32-230.153 125.46-46.305 47.205-80.851 101.776-100.36 165.36-.132.43-.528.78-1.15 1.662-5.895-29.953-19.918-55.46-38.448-78.721-18.483-23.204-40.342-42.805-65.346-60.401 11.655-1.647 22.005-.145 32.147 3.217 24.539 8.135 44.903 22.976 63.921 39.957 1.118.998 2.182 2.057 3.296 3.06.233.21.576.296 1.423.712 16.908-33.216 38.202-63.357 64.925-89.97z"></path><path fill="#FAFCFD" d="M410.961 500.974c-2.365 9.12-5.933 18.123-6.846 27.387-1.899 19.27 7.677 30.736 26.693 34.647 12.388 2.547 24.175.128 35.84-3.633 21.36-6.885 40.139-18.48 57.843-31.998a461.096 461.096 0 015.585-4.186c.108-.08.326-.01 1.283-.01-.996 3.918-1.767 7.713-2.923 11.388-12.738 40.474-37.463 72.444-70.463 98.35-36.034 28.288-77.43 45.172-121.542 55.951-40.311 9.851-81.35 13.87-122.762 14.63-.757.014-1.516-.132-2.347-.972 5.19-1.036 10.386-2.047 15.57-3.116 5.378-1.108 10.762-2.194 16.113-3.424 54.646-12.561 108.075-28.73 158.272-54.229 25.208-12.805 49.088-27.703 68.667-48.427 7.681-8.13 14.242-17.32 21.314-26.028l-1.398-1.43c-3.851 2.054-7.655 4.203-11.563 6.145-16.394 8.147-33.28 14.59-52.016 13.92-26.258-.938-44.593-23.952-39.106-49.153 2.476-11.372 8.527-20.88 16.36-29.308 2.149-2.312 4.55-4.389 7.156-6.518.32.055.27.014.27.014zm51.305 7.926c-9.357-2.08-14.19-7.254-14.455-15.065-.248-7.297 3.993-13.651 10.6-15.775 6.298-2.025 11.943-.686 16.5 4 4.756 4.892 5.677 10.922 3.145 17.108-2.738 6.691-8.167 9.788-15.79 9.733z"></path><path fill="#FAFCFD" d="M411.034 501.036c.096-.225.168-.472.24-.72.04.194.078.388-.098.62-.215.038-.165.079-.142.1z"></path><path fill="#0E62AC" d="M213.013 122.276c3.023.443 6.088.2 8.074 1.548 1.989 1.349 3.936 4.266 3.979 6.532.038 2.032-2.107 5.016-4.067 5.955-2.77 1.327-6.255 1.158-10.12 1.73 0-5.26-.075-9.52.076-13.774.024-.678 1.058-1.32 2.058-1.99zm-2.14-16.921c3.52-4.044 7.528-2.554 10.628-.48 1.562 1.046 2.71 5.018 1.96 6.78-2.269 5.327-7.376 4.456-12.6 4.127 0-3.42 0-6.694.012-10.427zm-75.426-71.246c6.055 1.768 8.267 4.758 7.157 9.13-1.158 4.56-5.649 6.352-13.495 5.25V34.076c2.074 0 3.994 0 6.338.033zm165.099 83.967c-2.242.025-4.046.025-6.138.025v-13.662c5.787-2.424 12.026-.746 13.486 3.691 1.544 4.693-.897 8.197-7.348 9.946z"></path><path fill="#1969AF" d="M315.855 49.025c-3.255.394-4.776-.36-4.515-3.683.281-3.57.064-7.177.064-10.63 8.745-1.625 13.5.465 14.135 5.787.578 4.841-2.575 7.747-9.684 8.526z"></path><path fill="#0E62AC" d="M427.513 327.105c5.25 3.297 7.17 13.062 3.857 17.748a7.195 7.195 0 01-10.17 1.652c-3.196-2.356-4.641-8.354-3.036-13.365 1.374-4.29 4.167-6.732 9.35-6.035z"></path><path fill="#1969AF" d="M260.152 110.878c1.38 4.445 2.673 8.51 4.074 12.918H252.87l5.536-19.094a605.88 605.88 0 011.745 6.176zm-155.546 13.146c-3.01.333-3.059-1-2.443-2.959 1.577-5.022 3.077-10.068 4.915-16.114l5.887 19.068c-2.892 0-5.42 0-8.359.005zm250.358-74.013a3636.4 3636.4 0 014.302-14.412l5.768 18.802h-11.118c.32-1.344.634-2.668 1.048-4.39z"></path><path fill="#0E62AC" d="M363.773 349.003c-5.83-.052-7.854-3.678-8.703-8.251-1.079-5.814.736-11.991 4.555-13.164 2.426-.745 6.237-.447 8.092 1.044 6.196 4.98 3.856 16.994-3.944 20.371zm157.661-20.279c.737 1.686 1.228 3.06 1.906 4.957h-14.11c.714-7.359 5.738-9.615 12.204-4.957z"></path><path fill="#1969AF" d="M104.614 89.602c.934-1.55 1.863-2.896 3.114-3.795.23-.166 2.296 1.344 2.544 2.326.247.979-.815 3.272-1.15 3.243-1.497-.131-2.94-.887-4.508-1.774z"></path></svg><svg id="svg-nyckelhal" fill-rule="evenodd" stroke-linejoin="round" stroke-miterlimit="2" clip-rule="evenodd" viewBox="0 0 111 111"><path fill="none" d="M0 0h110.026v110.026H0z"></path><path fill="#fff" d="M27.563 20.053H83.22v68.218H27.563z"></path><path fill="#009a4e" fill-rule="nonzero" d="M108.143 54.796c0 30.168-23.78 55.013-53.238 55.013-29.104 0-52.884-24.49-52.884-55.013C2.021 24.982 25.801.138 55.26.138c29.104 0 52.883 24.844 52.883 54.658zM81.524 87.094L63.778 55.506a18.472 18.472 0 008.873-15.617c.004-9.604-7.79-17.554-17.391-17.746-9.736 0-17.746 8.01-17.746 17.746a17.764 17.764 0 008.873 15.617L28.64 87.449l52.883-.355z"></path></svg><svg id="svg-oxidating" fill-rule="evenodd" stroke-linejoin="round" stroke-miterlimit="2" clip-rule="evenodd" viewBox="0 0 111 111"><g transform="translate(.303 .118) scale(.99222)"><path fill="none" d="M-.306-.119h110.889V110.77H-.306z"></path><clippath id="ls_oxidating__a"><path d="M-.306-.119h110.889V110.77H-.306z"></path></clippath><g fill-rule="nonzero" clip-path="url(#ls_oxidating__a)"><path fill="#fff" d="M3.577 55.485l51.582 51.581 51.581-51.581L55.16 3.903 3.577 55.485z"></path><path fill="red" d="M27.41 27.736L-.168 55.314l55.156 55.157 55.497-55.497-27.578-27.578C67.757 12.245 55.33-.183 55.16-.183c0 .34-12.598 12.768-27.749 27.919zm50.9 4.426l23.323 23.323-23.322 23.152-23.323 23.322L8.514 55.485 55.159 8.84S65.543 19.394 78.31 32.162z"></path><path d="M54.648 15.309c-1.702 1.872 0 9.533-3.575 16.683-1.873-2.043-2.554-5.618-4.596-7.49 1.021 2.894-2.043 2.553-.852 12.427-1.702-.34-1.702-1.192-5.447-5.618.68 4.256.17 6.98 1.192 11.746 0 0-.852-.17-5.108-3.404 1.362 4.766-1.021 14.47 4.427 21.45.51 6.298 4.936 11.575 10.724 13.108H40.69v4.596h29.79V74.21H58.905c5.277-1.362 9.533-5.788 10.555-11.406 1.532-2.384 8-9.874 3.064-22.131 0 0-1.532 2.724-4.256 3.405 0 0 3.405-5.788.68-10.385 0 0-.85 3.405-3.744 3.575 0 0 1.362-7.32-2.384-11.916-1.362 3.064.851 4.426-3.745 6.98-.68-9.193-2.553-10.725-4.426-17.024zm-1.021 20.769c1.702 1.021 2.894 2.894 3.404 6.298.17 1.532.681 2.384 1.192 3.916-1.021-.17-2.043-.34-3.064-.34a13.3 13.3 0 00-3.746.51c-.34-5.107 2.214-3.915 2.214-10.384zm-6.3 3.575s.682 4.255 2.384 7.32c-1.192.51-2.383 1.191-3.405 1.872-.51-4.596.852-5.617 1.022-9.192zm15.322 2.213s.681 4.426 1.532 7.32c-1.362-1.192-3.064-2.043-4.766-2.554.68-1.532 1.872-3.575 3.234-4.766zm-22.13 4.766s1.361 1.362 4.766 3.065c-1.192 1.02-2.213 2.383-3.064 3.745-.511-1.703-1.192-4.426-1.703-6.81zm28.94 1.703c.17 1.532.17 5.447-.681 7.66a14.841 14.841 0 00-3.065-5.277c1.022-.681 2.554-1.873 3.746-2.383zm-14.47 1.702c5.787 0 10.384 4.596 10.384 10.384s-4.597 10.385-10.385 10.385c-5.788 0-10.384-4.597-10.384-10.385-.17-5.788 4.596-10.384 10.384-10.384z"></path></g></g></svg><svg id="svg-poisonous" fill-rule="evenodd" stroke-linejoin="round" stroke-miterlimit="2" clip-rule="evenodd" viewBox="0 0 111 111"><path fill="none" d="M0 0h110.026v110.026H0z"></path><path fill="red" fill-rule="nonzero" d="M54.894.14l54.756 54.754-54.756 54.756L.14 54.894 54.894.14z"></path><path fill="#010101" fill-rule="nonzero" d="M54.894 96.677L13.112 54.894l41.782-41.782 41.783 41.782-41.783 41.783z"></path><path fill="#fff" fill-rule="nonzero" d="M54.894 8.732L8.732 54.894l46.162 46.163 46.163-46.163L54.894 8.732zm.674 15.331c5.055 0 7.75 2.359 10.446 4.886l1.853 1.853c2.359 2.022 3.875 3.37 3.875 5.055 0 2.527-1.516 4.885-2.695 6.57l-.337.506c.168.842.337 2.19.337 3.538 0 2.19-1.011 3.37-2.19 4.212 1.853-.843 4.043-1.854 4.717-2.19 1.01-.506 2.021-1.854 2.527-2.696l.337-.337c.674-.843 2.022-1.854 3.706-1.854.674 0 1.348.169 1.685.674.674.674.842 1.517.842 2.528 1.011.673 1.685 1.853 1.685 2.695v1.516c0 1.517-1.01 2.528-2.358 2.528-.843 0-1.685-.337-2.528-.843-.505-.168-1.01-.505-1.347-.505h-.169c-.337 0-.842 0-1.685.337 0 0-7.75 3.875-9.603 4.886 0 .168 0 .168-.168.337 2.695 1.347 7.413 3.538 8.087 3.875l.505.336c.168.169.337.169 1.01.169.338 0 .843-.169 1.349-.337a6.515 6.515 0 012.864-.674c1.685 0 4.043 1.18 4.043 3.033 0 1.684-1.01 2.021-2.695 2.864l-.674.337c-.169.842-.337 1.685-.337 2.021-.169 1.517-1.685 2.36-2.864 2.36-1.854 0-3.37-1.686-3.538-2.865-.169-1.516-.843-2.359-2.19-3.033l-8.256-4.043c-.505.505-1.18.842-1.853 1.18h-.169c-1.684.842-3.2 1.684-4.212 1.684-1.179 0-3.706-1.01-5.054-1.685-.505-.337-1.01-.505-1.516-.842l-6.74 3.201-1.179.505c-1.179.674-2.021 1.517-2.19 3.033-.168 1.18-1.685 2.864-3.538 2.864-1.18 0-2.696-.842-2.864-2.359 0-.336-.169-1.179-.337-2.021l-.674-.337c-1.685-.843-2.696-1.348-2.696-2.864 0-1.854 2.36-3.033 4.044-3.033 1.18 0 2.19.337 2.864.674.505.168 1.01.337 1.348.337.674 0 .842 0 1.01-.169l.506-.336c.506-.169 4.549-2.19 7.413-3.538-.168-.337-.168-.674-.337-1.011l-8.76-4.38c-.843-.338-1.348-.338-1.685-.338h-.169c-.337 0-.842.337-1.348.506-.674.337-1.516.842-2.527.842-1.348 0-2.359-1.01-2.359-2.527v-1.516c0-.843.506-2.022 1.685-2.696 0-1.01.337-1.853.843-2.527.505-.506 1.01-.674 1.684-.674 1.685 0 3.033 1.01 3.707 1.853l.337.337c.505.674 1.516 2.19 2.527 2.696.505.337 2.022 1.01 3.37 1.685-.843-.843-1.517-1.854-1.517-3.37 0-1.01.169-2.696.337-3.875l-.168-.337c-1.18-1.685-2.696-4.043-2.696-6.57 0-1.517 1.516-3.033 3.707-4.886l2.19-2.19c1.18-1.18 2.19-2.19 3.37-2.696 2.527-1.853 4.885-2.359 7.412-2.359zm0 1.685c-2.19 0-4.212.505-6.57 1.516-1.011.506-1.854 1.348-3.033 2.527l-2.19 2.19c-1.685 1.517-3.201 2.865-3.201 3.707 0 1.348.505 2.696 1.348 3.875-.169-.842-.169-.674-.169-1.18v-.505c0-1.516.337-2.864 2.359-4.549.168-.168.674-.168.842 0 .169.169.169.337.337.506.169.168 0 .505-.168.674-1.685 1.348-1.685 2.358-1.685 3.37v.505c0 .505.842 3.2.842 3.875 0 .674-.505 1.516-.505 3.875 0 2.19 1.18 2.695 2.696 3.706l.505.337c.674.506 1.348.842 1.685 1.01 1.685 1.012 2.527 1.517 2.527 3.202v1.01c.168.506 2.527 2.023 4.717 2.023 2.359 0 4.718-1.517 4.718-2.19V54.22c0-1.854.842-2.19 2.695-3.202l1.685-1.01.506-.337c1.516-1.011 2.695-1.685 2.695-3.707 0-1.853-.505-3.875-.505-3.875v-.168l.505-2.022c.337-1.516.337-1.516.337-2.19 0-1.18-.168-1.517-1.853-3.201l1.18-1.18c1.684 1.854 2.19 2.528 2.19 4.38v1.012c.505-1.011.842-2.022.842-3.033 0-.842-1.685-2.359-3.37-3.875l-.505-.505-1.516-1.348c-3.37-2.359-5.56-4.212-9.94-4.212zm-9.603 16.51h5.054c.506 0 1.854.506 1.854 1.348 0 .337-.169 1.011-.674 1.685-.843 1.18-1.685 2.527-3.538 2.527-2.696 0-3.875-3.37-3.875-4.212.168-.842.842-1.347 1.18-1.347zm13.647 0h5.054c.337 0 1.011.338 1.011 1.18 0 .842-1.18 4.212-3.875 4.212-1.853 0-2.527-1.348-3.538-2.527-.505-.674-.674-1.348-.674-1.685.169-.674 1.516-1.18 2.022-1.18zm-26.283 2.528c-.337 0-.505.168-.674.168-.505.506-.505 2.022-.505 3.201v.843c0 .505-.337.842-.842.842-.506 0-.843-.337-.843-.842v1.516c0 .505.169 1.01.674 1.01.506 0 1.18-.336 1.685-.673.674-.337 1.348-.674 2.022-.674h.168c.337 0 1.18 0 2.359.506l8.087 4.043v-2.19a322.438 322.438 0 01-6.74-3.201c-1.347-.674-2.358-2.19-3.032-3.201l-.168-.337c-.337-.337-1.18-1.011-2.19-1.011zm44.815 0c-1.01 0-2.021.674-2.358 1.18l-.169.336c-.674.842-1.685 2.359-3.032 3.201-1.18.674-6.234 2.864-7.582 3.538v2.19l8.76-4.38c1.18-.505 2.023-.505 2.36-.505h.168c.674 0 1.348.337 2.022.673.674.337 1.18.674 1.685.674.673 0 .673-.505.673-1.01v-1.517c0 .506-.336.843-.842.843-.505 0-.842-.337-.842-.843v-.842c0-1.18 0-2.696-.506-3.201.169-.169 0-.337-.337-.337zm-22.407 3.538c1.516 0 2.19 2.527 2.359 3.37.336.673.842 1.01.842 1.516 0 .337-.337 1.179-1.348 1.179-1.18 0-.842-.505-1.685-.505-1.01 0-.674.505-1.853.505-1.18 0-1.348-.674-1.348-1.01 0-.338.169-.843.674-1.349.506-.505.506-2.021 1.18-2.864.336-.505.673-.842 1.179-.842zm-8.424 4.212v3.875c0 1.01 1.516 3.37 4.043 4.717 1.685.842 3.707 1.348 4.212 1.348.674 0 2.19-.674 3.538-1.348h.169c2.695-1.348 4.043-3.538 4.043-4.717v-3.875c-1.516.842-1.684 1.01-1.684 1.853v1.01c0 1.854-3.538 3.707-6.234 3.707-2.359 0-6.402-1.684-6.402-3.706v-1.18c.168-.673 0-.673-1.685-1.684zm16.848 6.402c-.337.337-.506.842-1.011 1.18l7.75 3.706c1.18.505 2.695 1.853 3.032 4.212 0 .337 1.011 1.516 1.854 1.516.505 0 1.347-.337 1.347-1.01.169-1.012.843-4.55 1.011-4.718.169-.506.506-.674 1.011-.674.506.168.674.505.674 1.01 0 0 0 .17-.168.506 1.347-.674 1.516-.842 1.516-1.348 0-.674-1.348-1.348-2.527-1.348-.843 0-1.685.337-2.359.506-.674.168-1.18.505-2.022.505-1.01 0-1.347-.168-1.853-.337l-.337-.168c-.505 0-6.234-2.864-7.918-3.538zm-17.353.168c-2.19 1.011-6.908 3.37-7.582 3.538l-.337.169c-.505.337-.842.337-1.853.337-.674 0-1.348-.169-2.022-.506-.674-.168-1.348-.505-2.359-.505-1.01 0-2.527.674-2.527 1.348 0 .505 0 .674 1.517 1.348 0-.337-.169-.506-.169-.506-.168-.505.169-.842.674-1.01.505-.17.842.168 1.01.673 0 .169.843 3.707 1.012 4.718.168.505.842 1.01 1.348 1.01 1.01 0 1.853-1.01 1.853-1.516.337-2.527 1.853-3.706 3.032-4.212l1.18-.505 6.065-2.864c-.169-.674-.506-1.011-.842-1.517z"></path></svg><svg id="svg-pollution" fill-rule="evenodd" clip-rule="evenodd" viewBox="0 0 111 111"><path fill="none" d="M0 0h110.026v110.026H0z"></path><path fill="red" fill-rule="nonzero" d="M54.983 109.83L.136 54.985 54.983.137l54.847 54.847-54.847 54.847z"></path><path fill="#fff" fill-rule="nonzero" d="M54.983 101.224l-46.24-46.24 46.24-46.072 46.072 46.072-46.072 46.24z"></path><path fill="none" stroke="#000" stroke-width=".844" d="M33.044 54.984H75.91"></path><path fill="#010101" fill-rule="nonzero" stroke="#000" stroke-width=".675" d="M38.782 66.122l5.232-3.038.168-12.994-6.581-3.544s-1.013-.675-2.363-.17l-1.181.338s3.544-3.037 4.219-2.7l5.231 2.532s-.506-3.544-1.687-4.388l-6.076-4.725V36.25l6.582 3.882s.169-3.713-1.012-6.076l-2.363-4.219.337-.337 3.207 4.894 1.012-3.375.675-.17s-.843 4.726-.168 6.245l2.7 9.62 3.206-4.557V38.95l-.337-7.425h.506l.844 6.75 5.231-6.075v.675s-5.062 6.413-4.894 7.763c.17 1.35.507 2.194-.337 4.219l-1.519 3.375s2.7-3.206 3.882-3.544c1.18 0 2.868 0 4.05-.844a66.109 66.109 0 003.881-4.05l-4.387 6.75s-2.026 0-2.87 1.013l-4.218 4.726v8.944l5.569 2.869-6.92 1.012-1.687 2.363-2.194-1.856-5.738.506zm3.038 6.413c1.687-.675 13.67-5.907 13.67-5.57 0 .338 13.838-4.218 13.838-4.218l5.063 3.544-4.726 2.362 6.413.507-1.687 2.362h3.544v2.532l-44.89-.17c.168 0 7.594-2.193 8.775-1.35z"></path><path fill="#fff" fill-rule="nonzero" stroke="#000" stroke-width=".844" d="M52.958 66.797c1.519-.675 4.05-1.688 5.57-3.882 1.518-2.193 7.087-11.475 14.513-10.8-.338 1.012-1.688 3.206-1.688 3.206l5.4-1.687s0 7.088-10.125 11.644c-4.726 1.688-5.738 1.688-6.076 2.363l-2.362 3.544-8.438-3.713c.168-.169 2.362-.169 3.206-.675z"></path><path fill="#010101" fill-rule="nonzero" d="M71.86 57.853c0-.507.337-.844.843-.844s.844.337.844.844c0 .506-.338.843-.844.843s-.844-.337-.844-.843z"></path></svg><svg id="svg-rainforest-alliance" fill-rule="evenodd" stroke-linejoin="round" stroke-miterlimit="2" clip-rule="evenodd" viewBox="0 0 111 111"><g transform="translate(.303 .118) scale(.99222)"><path fill="none" d="M-.306-.119h110.889V110.77H-.306z"></path><clippath id="ls_rainforest-alliance__a"><path d="M-.306-.119h110.889V110.77H-.306z"></path></clippath><g fill-rule="nonzero" clip-path="url(#ls_rainforest-alliance__a)"><path fill="#fff" d="M102.441 61.965l8.196-5.246-8.851-4.261 7.212-6.557-9.507-2.622 5.573-8.196-9.835-.328 3.934-9.179-9.835 1.312 2.295-9.507-9.179 3.278v-9.835L74.25 16.07l-1.967-9.835-7.212 7.212-4.262-9.18-5.245 8.196-5.901-8.195-3.934 9.179-7.212-6.884-1.967 9.834-8.195-5.573v9.835l-9.18-3.278 1.967 9.834-9.834-1.639 3.934 9.18-9.835.327 5.573 8.524L1.472 45.9l7.212 6.885-8.851 3.933 8.196 5.246-7.54 6.228 9.179 3.278-6.557 7.54 9.835 1.312-4.917 9.179 8.85-.656-1.638.983a41.252 41.252 0 007.867 14.425l.328.327c4.262-2.294 9.18-4.261 13.769-5.572a42.657 42.657 0 0018.03 4.261c6.556 0 13.113-1.639 18.358-4.261a78.123 78.123 0 0113.44 5.572l.328-.327a41.286 41.286 0 007.54-14.752l-1.31-.984 8.85.656-4.917-8.851 9.835-1.312-6.557-7.54 9.507-3.278-7.868-6.228z"></path><path fill="#4d917a" d="M100.147 61.965l7.867-5.246-8.195-4.261 6.556-6.557-8.851-2.294 5.245-7.54-9.179-.656 3.278-8.523-8.85 1.31 1.638-9.178-8.851 3.278v-8.851l-7.868 4.917-1.967-9.179-6.556 6.557-3.934-9.18-4.917 7.868-5.573-7.54-3.606 8.524-6.885-6.557-1.966 9.507-7.868-4.917v9.179l-8.851-3.278 1.967 9.179-9.18-1.312 3.279 8.524-9.18.655 5.574 7.213-9.18 2.294 6.557 6.557-8.195 4.261 7.867 4.918-7.212 5.9 8.524 3.279-5.901 7.212 9.179 1.311-4.59 8.196 9.507-.328 1.64-.656a42.628 42.628 0 01-9.18-26.881c.089-23.498 19.447-42.78 42.945-42.78 23.557 0 42.945 19.386 42.945 42.944v.164A42.952 42.952 0 0189 86.879l1.968.656 9.179.328-4.59-8.196 9.18-1.311-5.902-7.212 8.851-3.279-7.54-5.573v-.327z"></path><path fill="#4d917a" d="M39.172 98.025a41.326 41.326 0 0032.454 0 63.203 63.203 0 00-16.063-1.967c-5.573 0-10.818.656-16.391 1.967m16.39-79.989a57.607 57.607 0 00-.72-.006c-22.84 0-41.634 18.794-41.634 41.633a41.64 41.64 0 009.573 26.56 85.084 85.084 0 0112.785-3.933 29.52 29.52 0 01-9.835-22.292 29.512 29.512 0 013.606-15.08 2.303 2.303 0 01-.456-1.374 2.3 2.3 0 011.767-2.232 2.29 2.29 0 011.312 0l4.261-4.59c.272-.291.61-.514.984-.655a29.516 29.516 0 0117.702-5.901c16.391 0 29.832 13.113 29.832 29.504a29.52 29.52 0 01-9.835 22.292c4.262.983 8.524 2.295 12.457 3.934a41.64 41.64 0 009.18-26.226c.327-22.62-18.03-41.634-40.978-41.634"></path><path fill="#4d917a" d="M93.918 89.83a84.595 84.595 0 00-31.799-8.852 2.288 2.288 0 01-.983.328 2.627 2.627 0 01-2.295-.328 84.678 84.678 0 00-3.278-.328h-.656a2.297 2.297 0 01.656 2.623c-.656.984-1.967 1.64-3.278 1.311a2.625 2.625 0 01-1.64-1.967l-.327-1.639a84.578 84.578 0 00-33.438 8.524 40.392 40.392 0 006.556 13.113 68.889 68.889 0 0163.27 0 40.32 40.32 0 007.212-13.113v.327z"></path><path fill="#fff" d="M31.632 90.157a2.296 2.296 0 00-1.967 0c-1.311 0-1.64 1.64-1.311 2.623.327 1.311 1.639 1.967 2.95 1.311a2.608 2.608 0 001.311-1.311l.984 2.295-1.64 1.31h-3.278c-1.311-.655-1.967-1.638-2.622-2.622a4.272 4.272 0 010-3.278 4.602 4.602 0 014.917-2.95l.656 2.622zm7.867 1.64l.328 1.639-4.59 1.31-2.294-7.867 4.59-1.311.655 1.639-2.622.656.327 1.31 2.623-.655.328 1.967-2.295.656.328 1.311 2.622-.656zm8.852 0l-2.623.655-2.623-2.95.656 3.278-2.295.328-1.31-8.196 3.277-.655c1.64 0 2.95.327 3.279 2.294 0 .984-.328 2.295-1.64 2.623l3.279 2.95v-.328zm-5.573-3.279c.983-.328 1.639-.655 1.639-1.639 0-.983-.984-.983-1.64-.656v2.295zm11.146-3.278h-1.64v6.556h-1.966V85.24H48.35V83.6h5.573v1.64zm1.639-1.967h2.294v8.523h-2.294v-8.523zm3.606 8.523l.983-8.195 4.59.328v1.967l-2.623-.328v1.311h2.295v2.295l-2.623-.328v3.278l-2.622-.328zm7.868-7.54l1.966.328-1.31 8.196h-1.968l1.312-8.523zm7.54 8.196l-.328 1.64-4.918-.984 1.967-8.196 4.59.984-.328 1.967-2.623-.656v1.311l2.295.656-.656 1.639-2.294-.328v1.311l2.294.656zm3.605-5.9l3.279.983a4.28 4.28 0 012.622 5.245 4.272 4.272 0 01-4.042 2.908 4.297 4.297 0 01-1.53-.286l-2.951-.655 2.622-8.196zm0 6.884h.656c1.311.655 2.623 0 3.278-1.312 0-1.311-.655-2.622-1.967-2.95h-.327l-1.64 4.262z"></path><path fill="#4d917a" d="M75.888 56.064h-1.312v-.328h1.64l-.328.328zm1.967-.328h.655c-.216.223-.432.44-.655.656v.655c-.004.22-.004.436 0 .656h-.656c.003-.328.003-.656 0-.984l-.328-.327a10.93 10.93 0 010-.656l-.328.656v1.31h-.327v-1.966h.655v.656l.656 1.31.328-1.31v-.656z"></path><path fill="#fff" d="M22.78 61.309l.328 1.967-2.294 1.967h2.622v1.311l-6.228.984-.328-2.623c0-1.311 0-2.295 1.639-2.295.983 0 1.639 0 1.967.984l2.295-2.295zm-2.95 4.262c0-.984 0-1.312-.983-1.312-.656 0-.656.656-.656 1.312h1.64zm1.967-7.212l1.311.327v1.967l-6.556-3.278v-1.639l6.556-1.967v1.967h-.983l-.328 2.623zm-3.278-1.64l2.295.984v-1.311l-2.295.327zm-.984-5.9l.328-1.64 6.557 1.64-.656 1.639-6.229-1.64zm9.835-7.868l-.656 1.639-4.917.984 3.606 1.639-.656 1.639-5.9-2.623.655-1.639 4.918-.983-3.279-1.967.328-1.312 5.901 2.623zm1.311-1.64l-5.245-3.933 2.295-2.95 1.311.983-1.311 1.64.656.655 1.31-1.64.984.984-.983 1.64L29.665 40l-.984 1.312zm6.557-11.145a3.282 3.282 0 01-.656 4.917 3.28 3.28 0 01-4.917-.328c-1.311-1.639-.984-3.606.655-4.917 1.312-1.311 3.279-1.311 4.918 0m-4.262 3.934c.656.656 1.967.656 2.623 0 .655-.656.983-1.64 0-2.623-.328-.655-1.64-.655-2.295 0-.656.656-.984 1.64-.328 2.623m12.457-4.262l-1.639.984-2.622-1.64.983 2.295-1.311.656-3.278-5.573 2.622-1.311c.984-.656 2.295-.328 2.623.983.655.656.328 1.64 0 1.967l2.622 1.64zm-4.917-1.639c.656 0 1.311-.656.983-1.311-.327-.656-.983-.328-1.31 0l.327 1.311zm9.507-1.311l.328 1.639-3.279.983-1.967-6.556 3.279-.656.655 1.312-1.967.655v.984l1.967-.656.656 1.311-1.967.656v.983l2.295-.655zm5.245-3.934a1.642 1.642 0 00-.983-.328c-.328 0-.984 0-.656.656l.656.328h.327c.984.327 1.64.655 1.967 1.967 0 .655 0 1.31-.655 1.639a2.96 2.96 0 01-1.64.983 3.936 3.936 0 01-2.294-.656l.328-1.31 1.639.327c.328 0 .983 0 .655-.656l-.983-.655c-.984 0-1.64-.328-1.967-1.64 0-1.31.983-2.294 1.967-2.294.75-.21 1.544-.21 2.295 0l-.656 1.639zm7.54 0H58.84v4.59h-1.967l.328-5.246H55.89v-1.31h4.59l.327 1.967zm6.556 5.9l-.983.656-1.64-.655 4.918-4.59 1.64.656v6.884l-1.968-.655v-.984l-1.967-1.311zm2.295-2.622l-.983 1.311 1.31.328v-1.967l-.327.328zm4.917 5.901l1.64 1.311-.984.984-3.278-1.967 3.934-5.245 1.311.655-2.623 4.262zm3.934 3.278l1.64 1.64-.984.983-2.623-2.623 4.262-4.59 1.311.984-3.606 3.606zm6.557-.328l.983 1.312L81.133 40l-1.311-1.312 5.245-3.934zm-.984 7.54l-1.311.328-.656-1.639 6.557-.983.983 1.639-4.261 5.245-.984-1.64.656-.655-.984-2.295zm3.606-.328h-2.294l.655 1.64 1.64-1.64zm-.328 12.458l-.327-1.64 3.278-3.933-3.934.983-.656-1.639 6.557-1.639v1.64l-2.95 3.933 3.933-.984.328 1.64-6.229 1.639zm4.59 6.556c.466-.413.708-1.02.656-1.639 0-.983-.656-1.64-1.64-1.64h-.032a1.648 1.648 0 00-1.607 1.968c.043.505.276.973.656 1.311h-1.967l-.328-1.311a3.601 3.601 0 01.656-2.623 3.28 3.28 0 012.623-.983c.655 0 1.639 0 2.294.983a3.288 3.288 0 01.984 3.934H91.95zm-3.278 5.9h-1.64l.656-3.933 6.557.984-.656 3.606h-1.967l.328-1.967h-.328v1.639h-1.639v-2.295h-.983l-.328 1.967z"></path><path fill="#4d917a" d="M73.92 64.587l1.312.328c.05.003.098.007.15.007a1.977 1.977 0 001.968-1.967 1.977 1.977 0 00-1.967-1.967c-.557 0-1.089.236-1.462.649-.656.983-2.95 1.967-3.934 1.311-.328-.656.328-1.311.983-1.639 1.312-.984 1.64-1.967.656-2.623l-1.311-.655c-.656 0-1.312.983-1.312 1.639 0 .655-.655 2.622-2.622 2.622-1.967 0-2.295.656-2.295-.327l.328-3.279c.983-2.294 2.295-3.278 3.606-4.59l3.278-2.294c.984-.983 1.967-1.639 2.623-3.278.328 0 .655-1.311.328-1.967l1.639-2.95c0-1.64 0-3.279-1.64-3.279-1.639-.983-3.278-.327-4.589-.983-1.967-.984-2.295-2.623-5.245-3.278-1.967 0-3.278 1.31-4.262 2.95l-1.311 1.64c-1.311.983-3.278.983-4.59 1.31-4.261.656-6.556 2.295-8.523 3.934l-6.556 6.557c-1.312-.328-2.623-.984-1.967-2.95.655-2.295 2.622-2.623 3.278-2.295 2.295 0 2.622-1.64 2.622-1.64 0-.327 0-1.31-.983-1.966-1.64-.656-2.295.983-2.623.983 0 0-.655 1.64-1.966 1.311 0 0-.656-1.311 0-2.294 1.31-3.279 2.294-3.279 2.95-4.918 0-.655 0-1.967-1.311-2.295a1.972 1.972 0 00-2.623 1.311c0 .984 0 3.279-.983 5.574 0 .983-.656 3.278-1.64 2.295a2.95 2.95 0 01-.655-1.967c0-.656 0-1.64-.656-1.967a1.972 1.972 0 00-2.623 1.311c-.275.724 0 1.55.656 1.967.656.656 1.967 0 2.295 1.967.328.983.656 1.967 0 4.261-1.311 2.623-1.311 5.901 0 7.213.983 1.639 2.295 1.31 2.295 1.31-.656 1.968-.984 3.607 1.639 5.574.656.328 2.622 1.639 3.934 1.639-.984 2.295-3.278.983-3.934 3.278-1.311 3.278 4.59 5.245 7.54 6.229 3.606 1.311 4.59 1.639 5.573 3.278.983 1.311 1.311 1.967 1.311 2.95 0 .656.656.984 1.311 1.312.984.328 1.967 0 2.295-.984.656-.983 0-1.967-.983-2.295-.984-.655-1.312-.983-.984-1.639 1.311-.983 4.59 0 6.229 1.312.983.983 2.622.983 3.278-.656 0-.656 0-1.64-1.311-2.295-.984-.328-1.967 0-2.623 0-1.639 0-3.278-.655-3.934-1.311 0 0 0-1.311 1.967-.984a1.648 1.648 0 001.967-1.606v-.033c0-.655 0-.983-.983-1.31a1.645 1.645 0 00-1.64.327l-1.639 1.639c-.983.656-1.639.656-2.622.656l-1.967-.984a1.642 1.642 0 01-.328-.983c-.328 0 4.917-.984 6.557-2.623 1.31-2.295 0-3.934-2.295-4.917a16.396 16.396 0 005.573-4.262l.655 1.967v2.623c.984 2.294 3.279 0 5.573.655 1.64 0 2.295.328 3.279 1.312l1.31 2.294a1.677 1.677 0 001.64 1.344 1.679 1.679 0 001.64-2 1.644 1.644 0 00-.984-1.966c-1.64 0-3.279-1.312-1.967-1.967 1.639-.984 3.278-.984 3.606-.656m-5.245-17.702c-.656.655-2.623.655-3.934 0H63.43c-.124-.78-.01-1.58.328-2.295a3.274 3.274 0 012.623-1.64h2.295c1.31.984 1.31 3.28 0 3.935"></path><path fill="#4d917a" d="M68.348 46.23l-.328-.329c-.983-.655-1.967-.655-2.623 0 0-1.639 1.64-1.639 2.295-1.639.656 0 .656.984.656 1.967"></path><path fill="#8db6a8" d="M40.155 58.686c1.967-3.606 5.245-8.195 9.18-10.818 3.933-2.294 8.522-2.622 8.522-2.622s-3.933.983-8.85 4.59c-3.607 2.622-7.213 7.54-8.852 8.85m11.474 8.196c1.311.328 3.278-.984 4.59.656l-2.623-2.295c-1.967-.984-4.262-.984-6.557-.656 3.279 0 3.279 1.967 4.59 2.295"></path></g></g></svg><svg id="svg-sigill" fill-rule="evenodd" stroke-linejoin="round" stroke-miterlimit="2" clip-rule="evenodd" viewBox="0 0 111 111"><path fill="none" d="M0 0h110.026v110.026H0z"></path><path fill="#fcd211" fill-rule="nonzero" d="M2.464 45.465C1.253 48.71.601 52.115.593 55.627H109.87v-.012c-.008-3.65-.722-7.179-2.02-10.528L81.385 51.59c-.47-1.587-1.227-3.08-2.206-4.5l23.132-11.381c-2.508-3.06-5.563-5.856-9.082-8.314L74.22 42.077c-1.402-1.024-2.966-1.912-4.65-2.687l14.224-17.294c-3.584-1.592-7.447-2.893-11.513-3.858l-8.337 19.194a34.641 34.641 0 00-5.754-.947l3.197-19.965a76.83 76.83 0 00-6.158-.251c-1.826 0-3.633.062-5.42.194l2.5 20.016a36.154 36.154 0 00-5.64.915l-8.3-19.195c-4.037.947-7.864 2.213-11.428 3.77L41.09 39.304c-1.728.784-3.334 1.677-4.773 2.716L17.3 27.349c-3.512 2.451-6.568 5.22-9.072 8.268l23.11 11.393c-1.039 1.483-1.844 3.065-2.32 4.737L2.464 45.465"></path><path fill="#1c63b7" fill-rule="nonzero" d="M83.792 22.098L69.569 39.39c1.685.775 3.25 1.663 4.651 2.687l19.004-14.681a56.438 56.438 0 00-9.432-5.298zM2.465 45.465l26.553 6.282c.475-1.672 1.28-3.254 2.32-4.737L8.227 35.617c-2.506 3.044-4.46 6.35-5.763 9.848zm58.92-28.94l-3.195 19.96a34.69 34.69 0 015.754.947l8.333-19.188a72.33 72.33 0 00-10.892-1.718zM17.3 27.35l19.015 14.669c1.439-1.04 3.045-1.932 4.773-2.716L26.943 21.97a56.705 56.705 0 00-9.642 5.38zm21.068-9.147zm0 0l8.3 19.19a36.062 36.062 0 015.64-.914l-2.5-20.016a72.41 72.41 0 00-11.44 1.74zM79.18 47.09c.978 1.42 1.736 2.912 2.205 4.499l26.465-6.5c-1.288-3.322-3.161-6.47-5.542-9.377L79.18 47.09"></path><path fill="#0b905a" fill-rule="nonzero" d="M109.765 58.153c.068-.823.104-1.648.106-2.473v-.053H.593v.053a28.742 28.742 0 00.531 5.482c1.855 9.566 8.485 18.045 18.101 24.132l.005.008c.013.014.022.014.03.02.58.366 1.165.72 1.756 1.065a.908.908 0 01.115.063c.586.34 1.18.67 1.779.986.048.026.089.054.136.073.004.009.007.009.007.009.615.324 1.239.636 1.867.942.013.009.027.009.038.014.02.013.042.02.061.033a63.5 63.5 0 004.036 1.76c.013.009.027.009.042.017.656.265 1.32.505 2 .75.02.005.04.019.064.025.048.02.091.032.136.044.65.236 1.315.453 1.984.668.092.03.187.057.277.091.658.201 1.329.406 2 .592.101.025.199.053.295.073.68.189 1.363.368 2.055.542.038.006.079.01.118.026a.616.616 0 01.104.027c.727.165 1.45.33 2.19.48.011 0 .018.008.03.008.739.15 1.488.286 2.24.419.025 0 .054.007.078.012.041.005.076.014.112.02.715.117 1.438.23 2.168.333.07.008.13.018.2.026a88.658 88.658 0 002.284.274c.04 0 .075.004.12.004.08.016.163.022.249.029.72.072 1.447.137 2.179.182.118.016.247.02.366.025.742.048 1.49.094 2.243.119h.055c.065 0 .135.008.207.008.788.024 1.578.039 2.377.039.837 0 1.657-.015 2.492-.047.066 0 .14 0 .206-.006.79-.027 1.572-.065 2.35-.118.1-.004.2-.02.308-.025a63.548 63.548 0 002.257-.198 76.06 76.06 0 002.54-.294c.123-.018.243-.03.369-.05a65.84 65.84 0 002.168-.346c.103-.014.204-.04.31-.053.732-.132 1.459-.26 2.17-.413.052-.012.112-.029.164-.037a.537.537 0 01.096-.018c.734-.158 1.473-.329 2.206-.504.014-.007.031-.007.052-.015a72.71 72.71 0 004.56-1.297c.031-.008.067-.028.096-.034.713-.225 1.42-.468 2.12-.73.051-.013.108-.039.158-.053a92.59 92.59 0 002.033-.783c.057-.027.118-.047.17-.07a94.23 94.23 0 001.972-.845c.054-.024.104-.05.16-.079a55.91 55.91 0 001.927-.905c.041-.018.077-.044.116-.064h.01a53.848 53.848 0 001.912-.999c.003 0 .013-.008.025-.014.005 0 .005-.006.013-.006 11.77-6.442 19.825-16.242 21.393-27.407l.011-.005c.072-.506.123-1.017.173-1.532"></path><path fill="#fff" fill-rule="nonzero" d="M72.027 83.702c0 .091.063.154.152.154h6.706c.092 0 .15-.063.15-.154v-1.678c0-.088-.058-.151-.15-.151h-4.544c-.06 0-.09-.03-.09-.09v-8.067c0-.09-.06-.15-.148-.15h-1.924c-.089 0-.152.06-.152.15v9.986m-8.893 0c0 .091.058.154.15.154h6.703c.087 0 .149-.063.149-.154v-1.685a.145.145 0 00-.144-.144h-4.545c-.06 0-.09-.03-.09-.09v-8.067c0-.09-.06-.15-.153-.15h-1.92c-.092 0-.15.06-.15.15v9.986m-5.71 0c0 .091.062.154.153.154H59.5c.091 0 .152-.063.152-.154v-9.986c0-.09-.06-.15-.152-.15h-1.923c-.09 0-.152.06-.152.15v9.986M46.48 81.523c.53 1.663 1.951 2.498 3.785 2.498 1.816 0 3.238-.926 3.756-2.573.178-.56.252-1.41.252-2.312v-.852c0-.09-.06-.15-.151-.15h-3.548a.145.145 0 00-.144.143v1.466c0 .09.062.147.151.147h1.395c.058 0 .09.029.09.09 0 .438-.046.756-.122 1.014-.212.683-.876 1.063-1.65 1.063-.89 0-1.452-.426-1.68-1.138-.122-.365-.167-.866-.167-2.209 0-1.348.045-1.836.167-2.193.228-.712.773-1.152 1.651-1.152.845 0 1.362.363 1.77 1.061.031.077.107.106.212.077l1.622-.684c.09-.044.104-.135.058-.227-.485-1.243-1.74-2.19-3.662-2.19-1.834 0-3.255.826-3.785 2.492-.226.715-.284 1.284-.284 2.816 0 1.525.058 2.104.284 2.813m-5.662 2.179c0 .091.061.154.15.154h1.93c.08 0 .147-.066.147-.147v-9.993c0-.09-.063-.15-.154-.15h-1.93a.144.144 0 00-.143.142v9.994m-6.84.319c2.664 0 4.04-1.371 4.04-3.24 0-1.858-1.118-2.83-3.239-3.118l-.543-.074c-1.184-.167-1.604-.546-1.604-1.13 0-.654.466-1.124 1.376-1.124.847 0 1.605.271 2.39.789.075.044.152.028.213-.047l.922-1.38c.075-.105.06-.167-.031-.226-.86-.664-2.133-1.069-3.494-1.069-2.226 0-3.65 1.252-3.65 3.146 0 1.813 1.166 2.799 3.256 3.085l.547.078c1.223.167 1.588.54 1.588 1.147 0 .728-.607 1.23-1.68 1.23-1.09 0-2.013-.518-2.696-1.064-.073-.06-.163-.06-.225.016l-1.153 1.317c-.074.095-.044.198.016.26.804.767 2.361 1.404 3.966 1.404m45.596-8.893c0-.214-.122-.327-.39-.327h-.503c-.033 0-.044.013-.044.048v.569c0 .022.01.042.044.042h.504c.267 0 .389-.12.389-.332zm-1.282 1.66c-.046 0-.079-.021-.079-.078v-2.207c0-.057.033-.08.079-.08h.893c.511 0 .813.26.813.705a.661.661 0 01-.469.657l.48.925c.023.046 0 .079-.042.079h-.316c-.043 0-.077-.022-.1-.079l-.446-.872h-.424c-.033 0-.044.012-.044.046v.826c0 .057-.035.079-.08.079h-.265zm2.497-1.17c0-1.017-.746-1.756-1.751-1.756-1.003 0-1.752.739-1.752 1.757 0 1.016.749 1.772 1.752 1.772 1.005 0 1.751-.756 1.751-1.772zm-3.882 0c0-1.204.924-2.123 2.13-2.123 1.219 0 2.127.92 2.127 2.124 0 1.217-.908 2.14-2.126 2.14-1.207 0-2.13-.923-2.13-2.14M20.72 69.742c-.06-.06-.092-.168-.015-.257l1.149-1.314c.06-.075.152-.075.227-.013.68.544 1.605 1.053 2.693 1.053 1.074 0 1.682-.493 1.682-1.22 0-.608-.365-.987-1.59-1.154l-.546-.077c-2.086-.287-3.255-1.265-3.255-3.087 0-1.888 1.424-3.148 3.648-3.148 1.363 0 2.634.41 3.498 1.078.091.058.106.122.03.227l-.925 1.372c-.061.076-.136.092-.213.048-.785-.51-1.542-.783-2.39-.783-.905 0-1.376.464-1.376 1.117 0 .59.425.97 1.604 1.136l.544.075c2.12.29 3.239 1.253 3.239 3.118 0 1.86-1.377 3.241-4.04 3.241-1.605 0-3.163-.637-3.964-1.412m12.935 1.244c-.105 0-.167-.06-.198-.15l-3.27-9.978c-.03-.105.032-.166.137-.166h1.97c.105 0 .166.045.196.152l2.055 6.753h.046l2-6.753c.03-.107.09-.152.197-.152h1.952c.091 0 .153.061.122.166l-3.27 9.978c-.03.09-.09.15-.182.15h-1.755M41.2 60.845c0-.091.06-.152.153-.152h6.598c.09 0 .149.06.149.152v1.623c0 .09-.059.152-.15.152h-4.436c-.06 0-.088.032-.088.09v2.042c0 .06.028.09.088.09h3.695c.088 0 .15.062.15.153v1.6c0 .091-.062.152-.15.152h-3.695c-.06 0-.088.029-.088.091v2.132c0 .06.028.093.088.093h4.437c.09 0 .149.057.149.149v1.625c0 .09-.059.15-.15.15h-6.597c-.093 0-.153-.06-.153-.15v-9.992m9.74 0c0-.091.06-.152.148-.152h1.816c.105 0 .197.045.258.152l3.634 6.478h.075v-6.479c0-.09.06-.152.152-.152h1.706c.091 0 .153.061.153.152v9.993c0 .089-.062.15-.153.15h-1.797c-.123 0-.197-.045-.258-.15l-3.649-6.465h-.075v6.465c0 .089-.06.15-.152.15h-1.71c-.09 0-.149-.061-.149-.15v-9.993m10.602 8.9c-.061-.062-.092-.169-.014-.258l1.148-1.314c.06-.075.152-.075.229-.013.681.544 1.6 1.053 2.692 1.053 1.077 0 1.676-.493 1.676-1.22 0-.608-.358-.987-1.585-1.154l-.548-.077c-2.086-.287-3.253-1.265-3.253-3.087 0-1.888 1.423-3.148 3.65-3.148 1.363 0 2.63.41 3.496 1.078.09.058.106.122.03.227l-.925 1.372c-.061.076-.136.092-.213.048-.79-.51-1.54-.783-2.388-.783-.91 0-1.38.464-1.38 1.117 0 .59.424.97 1.606 1.136l.546.075c2.117.29 3.24 1.253 3.24 3.118 0 1.86-1.381 3.241-4.043 3.241-1.609 0-3.163-.637-3.964-1.412m10.691-8.898c0-.091.06-.152.153-.152h1.918c.092 0 .152.06.152.152v4.453l3.422-4.467c.075-.108.135-.138.256-.138h2.193c.09 0 .139.107.062.199l-3.117 3.904 3.404 6.01c.062.106.017.181-.089.181h-2.225c-.119 0-.166-.028-.228-.136l-2.326-4.331-1.352 1.698v2.62c0 .088-.06.15-.152.15h-1.918c-.092 0-.153-.062-.153-.151v-9.992m12.55 10.142c-.09 0-.152-.06-.152-.15v-8.065c0-.063-.03-.091-.091-.091h-2.603c-.091 0-.15-.061-.15-.152v-1.684c0-.091.059-.152.15-.152h7.617c.09 0 .15.06.15.152v1.684c0 .091-.06.152-.15.152H86.95c-.061 0-.091.028-.091.091v8.065c0 .09-.06.15-.152.15h-1.925"></path></svg><svg id="svg-svanen" fill-rule="evenodd" stroke-linejoin="round" stroke-miterlimit="2" clip-rule="evenodd" viewBox="0 0 111 111"><path fill="none" d="M0 0h110.026v110.026H0z"></path><ellipse cx="55.544" cy="55.524" fill="#fff" rx="54.588" ry="51.366" transform="matrix(.98252 0 0 1.00267 .464 -.518)"></ellipse><path fill="#009a64" fill-rule="nonzero" d="M25.053 74.73c.978 0 1.63-.66 1.63-1.651a1.64 1.64 0 00-1.63-1.322c-.653 0-1.632.66-1.632 1.322 0 .991.98 1.652 1.632 1.652m-1.958 20.157a51.948 51.948 0 01-7.503-6.61l7.177-9.912h13.05L23.094 94.888m10.766 6.278a52.265 52.265 0 01-8.156-4.626l13.702-17.844h11.418l-16.964 22.47m13.376 3.634a53.013 53.013 0 01-10.113-2.643l17.616-23.791h12.397L47.562 104.8m16.964-.661a54.017 54.017 0 01-13.701.991L71.05 78.696H84.1L64.526 104.14m36.211-25.444C94.213 90.592 83.121 99.514 69.42 103.48l18.92-24.783h12.397m6.199-24.783a49.63 49.63 0 00-.653-4.956L88.015 73.409h3.914l15.007-19.826M103.02 36.4l-1.631-3.304-30.013 40.313h3.915L103.673 36.4m-7.177-12.226a52.54 52.54 0 00-1.957-2.313L55.066 73.409h3.914l37.19-49.235M84.752 13.6a52.667 52.667 0 00-8.808-4.626L28.967 70.766c.979 0 1.958.99 3.263 1.652 1.957 1.652 6.524 1.652 8.481-.661L84.426 13.6M7.436 76.383l54.48-71.705C65.505 5.338 69.42 6 72.682 7.32L25.705 69.774c-6.525-.66-4.567 6.61-17.943 6.61M2.87 55.895v-.991c0-22.8 15.659-41.966 37.19-48.245L2.869 55.896M44.952 5.669a54.207 54.207 0 0113.05-.991l-51.218 68.4a48.39 48.39 0 01-3.915-12.226L44.952 5.67M13.635 85.635a50.421 50.421 0 01-4.241-6.939h9.786l-5.22 6.94"></path></svg><svg id="svg-SVENSK_FAGEL" viewBox="0 0 400 583.06"><g fill-rule="evenodd"><path fill="#f5e449" d="M122.159 131.251c-9.36 1.306-18.879 5.82-27.91 13.234l-12.101 9.938c-7.354 6.039-9.176 7.386-13.23 9.778-7.431 4.384-9.991 7.237-10.444 11.637-.148 1.442-.087 1.778.449 2.454.693.875 2.002 1.089 2.002.327 0-.25.436-.891.968-1.423 1.481-1.481 2.946-1.327 15.362 1.608 8.883 2.1 8.15 2.083 8.563.2.195-.891.614-.964 2.551-.446l1.261.337-.719 2.011c-1.285 3.598-3.473 7.446-8.925 15.699-13.174 19.94-19.841 35.434-23.88 55.495-7.023 34.88.26 66.04 20.495 87.695 8.339 8.924 25.45 22.625 28.256 22.625.747 0 1.971.655 5.351 2.865 9.56 6.251 20.933 11.764 23.128 11.213.382-.096 1.449.222 2.754.82 6.669 3.055 31.137 15.241 31.257 15.566.048.131-.553 1.26-1.337 2.51-2.704 4.316-6.854 12.935-14.554 30.229-5.907 13.268-6.072 13.624-9.704 20.925-4.024 8.091-4.351 9.657-2.45 11.744.859.943 1.135.813 2.169-1.026.7-1.245 1.209-1.787 2.009-2.139 1.655-.731 3.06-4.064 6.556-15.554 2.597-8.537 2.59-8.519 5.682-14.541 3.518-6.853 5.724-9.089 8.965-9.089.447 0 1.022-.69 2.298-2.761 3.118-5.057 4.877-6.269 10.239-7.051 2.668-.39 3.836-1.438 6.198-5.562 1.73-3.021 2.259-3.343 5.564-3.393 3.365-.051 3.491.255 2.205 5.34-3.782 14.95-5.626 28.151-6.042 43.249l-.182 6.619h1.139c1.081 0 1.156-.057 1.479-1.135.773-2.578 1.952-4.763 2.67-4.943.385-.096 1.22-.74 1.856-1.43.636-.69 1.519-1.373 1.962-1.518.587-.192 1.039-.722 1.661-1.943.72-1.417 1.009-1.717 1.85-1.924 1.497-.367 1.231.188 8.083-16.901 7.765-19.365 11.176-26.556 14.998-31.618 1.054-1.396 1.49-1.687 5.191-3.458 32.223-15.421 64.467-47.254 81.266-80.229 1.862-3.656 2.364-4.418 3.285-4.982 2.399-1.469 5.144-6.963 9.365-18.744 1.094-3.054 2.541-6.769 3.215-8.257 1.824-4.022 2.862-7.16 4.612-13.95 1.426-5.528 1.674-6.226 2.566-7.214 1.507-1.669 3.239-4.495 5.351-8.729 3.817-7.653 8.767-13.974 12.272-15.671l1.255-.607v-1.902c0-3.584 1.679-4.96 7.717-6.321 7.785-1.755 15.913-9.498 15.913-15.158 0-2.55.154-2.724 3.238-3.645 2.74-.818 3.089-1.26 4.034-5.116 1.571-6.403.874-11.545-1.711-12.625-.966-.404-1.182-.756-6.282-10.271-6.218-11.601-10.501-14.691-21.503-15.515-6.527-.489-9.942-1.737-9.953-3.636-.011-1.864-.933-3.282-4.345-6.677-1.795-1.787-3.346-3.509-3.447-3.826-.452-1.425-12.928-2.321-20.997-1.509-12.927 1.301-27.205 6.629-44.904 16.757-23.129 13.235-30.636 20.68-52.568 52.128-11.199 16.058-17.043 23.754-22.34 29.415-2.604 2.784-4.348 2.554-7.472-.984l-1.569-1.777.862-.587c1.638-1.115 1.905-1.758 2.022-4.857.087-2.285.318-3.522 1.171-6.263 1.578-5.073 1.672-8.389.422-14.882l-.927-4.812 1.864-6.666c1.026-3.666 2.065-7.69 2.309-8.943 3.431-17.584-7.274-37.91-26.047-49.459-2.526-1.554-2.911-1.682-8.369-2.784-3.719-.751-4.768-1.096-8.114-2.675-9.973-4.703-18.135-6.371-25.884-5.29"></path><path fill="#046cab" d="M.285 291.388v291.388H400V0H.285v291.388M290.833 26.459c.571.563 4.798 2.052 8.992 3.166 4.76 1.264 6.377 1.937 7.518 3.128l.743.775-2.703 3.632c-6.902 9.271-7.845 14.307-3.674 19.615 6.135 7.809 6.511 15.153 1.209 23.617-6.731 10.746-7.334 10.92-18.79 5.435-2.74-1.312-5.336-2.469-5.768-2.572-1.239-.294-1.194-.474.964-3.861 3.887-6.099 4.93-8.802 4.94-12.802l.006-2.731-1.332-2.004c-5.427-8.162-6.89-17.028-3.583-21.711 2.522-3.569 10.635-13.954 10.902-13.954.168 0 .427.12.576.267M62.24 27.05c.764.316 3.933 1.205 7.042 1.976 5.379 1.333 9.781 3.024 10.052 3.86.051.155-1.184 1.868-2.744 3.808-4.863 6.049-6.297 8.979-6.296 12.863.001 2.422-.015 2.369 2.018 6.671 6.055 12.814 5.183 19.083-4.031 28.974l-2.893 3.105-1.287-.193c-1.97-.295-5.445-1.587-10.151-3.772-2.349-1.091-4.783-2.147-5.409-2.346-.626-.199-1.239-.42-1.361-.49-.122-.069.402-.809 1.165-1.644 3.861-4.224 5.748-8.67 5.748-13.543 0-2.862-.262-3.73-2.917-9.664-3.728-8.336-4.142-11.942-1.836-16.013.867-1.531 10.968-14.15 11.334-14.16.096-.003.801.253 1.566.568m80.672.455c5.822.607 5.93-.803-1.11 14.446-3.119 6.756-8.64 19.01-12.268 27.23-7.275 16.484-8.583 19.19-9.591 19.85-1.366.896-11.77-.078-12.459-1.166-.212-.333-2.972-6.691-6.135-14.128a9628.832 9628.832 0 00-7.847-18.411c-5.67-13.218-9.467-23.367-9.6-25.66-.107-1.846 4.87-2.733 12.824-2.287 5.923.333 5.17-.445 10.43 10.77 2.386 5.089 4.861 10.277 5.498 11.529l1.159 2.276.42-.995c6.365-15.088 9.723-22.124 10.939-22.921 1.971-1.292 8.564-1.49 17.74-.533m41.714-.177c2.349.17 4.558.37 4.91.445 2.151.462 6.722 16.368 5.223 18.175-.527.635-1.184.592-8.215-.53-10.608-1.694-17.427-2.082-17.993-1.024-.599 1.119.138 6.308.982 6.918.414.3 3.717.269 10.276-.097 7.138-.398 7.083-.417 8.67 2.971 1.823 3.892 3.407 9.35 3.407 11.74v.978h-4.441c-2.443 0-6.574-.125-9.182-.277a381.366 381.366 0 00-7.516-.369l-2.775-.092v1.502c0 4.475.521 4.706 11.245 4.971 16.974.419 15.618.154 15.553 3.034-.064 2.841-3.084 10.993-5.021 13.553-.567.75-10.579.501-34.949-.868-4.441-.249-4.241-.036-4.548-4.832-.631-9.84.072-53.129.898-55.262.541-1.4 19.655-1.934 33.476-.936m149.039.132c1.488.236 2.784.432 2.881.435.362.011.573 2.322.808 8.831.348 9.608-.166 9.574 7.775.521 5.543-6.32 8.762-9.063 10.627-9.06 2.514.004 16.913 6.088 16.913 7.146 0 .24-5.956 6.964-11.951 13.493-4.089 4.452-8.801 9.676-10.064 11.156-.819.96 1.832 3.536 9.906 9.627 5.564 4.197 11.255 10.14 11.255 11.755 0 1.091-13.164 5.357-19.075 6.181l-1.281.178-5.584-5.791c-4.985-5.17-9.171-8.765-10.207-8.765-.278 0-.453 1.097-.993 6.227-.575 5.473-1.091 7.285-2.201 7.745-.844.35-10.389.214-14.68-.209l-1.78-.176.006-14.978c.01-28.913.932-43.885 2.729-44.336 2.993-.751 10.132-.741 14.916.02m-115.647-.171l2.075.208 12.482 12.48 12.482 12.479.291-.961c.161-.529.378-1.281.484-1.673.105-.391.296-5.003.423-10.249.29-11.993.154-11.485 3.215-11.994 1.534-.256 4.528-.382 8.659-.365 6.796.027 7.298.127 8.108 1.612.578 1.059.87 23.458.533 40.925-.161 8.377-.293 15.764-.293 16.415v1.185l-2.064.348c-2.723.459-10.897.236-11.959-.327-.413-.218-5.344-5.457-10.958-11.642-10.143-11.173-12.857-13.92-14.884-15.059l-1.058-.595-.331 2.58c-.181 1.419-.583 6.766-.891 11.883-.591 9.821-.74 11.514-1.161 13.193l-.261 1.041-2.772.24c-3.887.336-9.906.214-11.597-.236l-1.424-.378-.178-2.947c-.161-2.652-.676-43.664-.676-53.848v-4.125l.854-.183c1.188-.254 8.391-.258 10.901-.007m11.99 85.584c4.976 1.755 8.446 6.537 8.375 11.54-.119 8.43-5.278 15.651-19.276 26.975l-5.367 4.343-.936-.784a2228.63 2228.63 0 00-6.301-5.19c-15.381-12.636-19.473-19.671-16.882-29.022 1.306-4.712 5.9-7.843 11.518-7.849 4.209-.005 4.883.328 9.242 4.553l3.418 3.313 1.379-1.657c4.524-5.434 10.253-7.837 14.83-6.222m-96.211 18.557c4.228.747 10.056 2.814 15.1 5.355a23.221 23.221 0 005.125 1.815c1.487.328 3.949.867 5.47 1.197 8.349 1.814 21.311 14.104 27.011 25.611 5.677 11.461 6.189 19.959 2.071 34.402-2.07 7.262-2.073 7.295-1.055 12.037 1.241 5.78 1.131 9.465-.449 14.914-1.005 3.468-1.237 4.698-1.234 6.548.004 2.642-.35 3.53-1.805 4.518l-1.016.691 1.876 1.988c1.963 2.081 3.172 2.677 4.775 2.354 1.821-.367 12.016-13.132 21.726-27.202 7.252-10.507 10.334-14.846 14.053-19.781 11.323-15.026 21.224-24.352 34.114-32.132 27.181-16.407 45.927-22.596 64.071-21.154 5.969.474 8.658.965 9.033 1.648.16.291 1.782 2.067 3.604 3.946 3.557 3.668 4.142 4.537 4.419 6.558.301 2.194 2.647 3.058 10.061 3.706 10.808.943 15.194 4.121 21.204 15.359 4.935 9.228 5.306 9.835 6.43 10.545 2.655 1.676 3.248 6.628 1.579 13.184-.939 3.689-1.078 3.841-4.453 4.866-2.578.783-2.897 1.195-2.801 3.62.129 3.23-3.595 8.259-9.041 12.212-2.221 1.613-3.012 1.934-6.964 2.826-5.981 1.35-7.377 2.511-7.377 6.138 0 1.924-.072 2.267-.473 2.267-2.749 0-8.481 6.87-12.99 15.57-3.074 5.93-3.501 6.637-5.503 9.125-.661.821-1.289 1.91-1.396 2.42-1.223 5.817-4.35 15.804-5.917 18.896-.406.801-1.908 4.709-3.339 8.684-3.868 10.748-6.91 16.725-9.324 18.323-.794.525-1.338 1.234-1.923 2.505-14.558 31.606-49.203 66.416-81.982 82.37-5.326 2.593-4.92 2.233-7.865 6.973-3.123 5.026-6.497 12.476-12.928 28.54-6.771 16.914-6.524 16.419-8.396 16.813-.546.115-.909.567-1.512 1.881-.646 1.407-.946 1.76-1.608 1.892-.478.096-1.182.622-1.708 1.277-.493.613-1.365 1.336-1.938 1.606-.941.444-1.152.773-2.187 3.401l-1.146 2.909-1.068.009c-.587.005-1.078-.087-1.091-.204-.988-9.123 1.865-33.432 5.726-48.789 1.489-5.923 1.362-6.514-1.404-6.514-3.3 0-4.212.562-5.923 3.652-2.216 4.002-3.342 4.938-6.689 5.565-5.066.949-6.555 1.995-9.474 6.652-1.202 1.918-1.954 2.834-2.438 2.97-2.84.796-3.325 1.035-4.745 2.333-1.279 1.169-1.896 2.114-3.626 5.563a399.691 399.691 0 01-2.802 5.5c-.725 1.361-2.11 5.516-4.758 14.268-2.301 7.609-3.921 11.055-5.507 11.717-.638.267-1.197.894-1.882 2.112-1.144 2.035-1.21 2.052-2.507.677-1.756-1.862-1.386-3.563 2.459-11.306 3.595-7.238 3.688-7.437 9.774-21.091 7.688-17.248 12.069-26.358 14.532-30.221a225.046 225.046 0 001.462-2.314c.159-.266-3.848-2.372-14.821-7.79-17.831-8.804-17.791-8.785-19.216-8.785-3.332 0-14.166-5.358-23.843-11.79-2.563-1.704-3.469-2.16-4.29-2.16-2.534 0-18.21-12.217-26.37-20.549-24.771-25.299-31.633-61.144-19.627-102.527 4.425-15.254 10.163-27.038 21.512-44.184 4.805-7.26 6.565-10.344 8.07-14.141.966-2.439.996-2.321-.707-2.726-1.736-.412-1.88-.349-2.121.937-.28 1.492 1.105 1.665-13.359-1.67-8.566-1.975-10.692-1.899-11.151.399-.308 1.541-2.415 1.185-2.832-.479-1.04-4.141 2.211-8.875 8.681-12.64 5.319-3.097 8.022-5.043 14.626-10.529 16.367-13.597 17.723-14.63 22.895-17.438 10.138-5.503 19.724-7.389 29.122-5.728m14.571 342.734c.101 1.409.197 6.245.214 10.747l.03 8.185-1.352-.024c-.744-.014-5.965-.238-11.602-.499l-10.249-.473-.241-4.698c-.133-2.583-.151-7.162-.041-10.175l.202-5.477 4.595.152c2.528.083 7.35.035 10.717-.107 3.366-.143 6.441-.244 6.832-.226.69.031.718.112.895 2.595m-13.777 4.337l-1.353.107.004 2.048c.007 3.552-.279 3.33 4.3 3.33h3.953v-5.694l-2.776.051c-1.527.028-3.384.099-4.128.158m-55.73 16.283c1.801.131 3.97.261 4.82.289 1.697.056 2.43.339 2.835 1.094.482.901.917 7.975.715 11.616-.263 4.726-.038 4.577-6.213 4.148-2.517-.175-5.827-.4-7.355-.5-5.091-.334-9.304.088-9.638.966-.351.922.103 5.937.58 6.414.244.244 3.002.335 10.128.335 6.561 0 9.894.1 10.097.304.443.442 1.038 14.582.631 14.989-.223.223-3.259.207-10.865-.058-5.805-.202-10.6-.318-10.655-.257-.055.061.269 4.659.721 10.218 1.1 13.559 1.433 12.837-5.654 12.275-4.152-.33-8.441-.896-11.097-1.466l-1.426-.306-.182-2.191c-1.252-15.085-.384-57.207 1.197-58.125.553-.321 26.324-.111 31.361.255m134.384.952c5.685 2.292 12.558 7.347 12.504 9.194-.023.811-4.932 4.407-12.226 8.958-6.922 4.318-13.257 10.825-13.18 13.539.086 3.014 7.879 10.062 13.204 11.941 1.433.505 1.403.661 1.672-8.692.261-9.098.57-11.252 1.651-11.523 6.279-1.576 16.998.451 16.452 3.112-1.314 6.402-1.27 20.979.093 30.711.412 2.942-2.034 3.341-23.735 3.866l-9.68.235-2.278-1.512c-8.234-5.467-16.491-21.239-16.457-31.437.028-8.332 10.074-21.727 20.096-26.795 5.869-2.968 7.832-3.232 11.884-1.597m76.292-.346c2.584.155 5.531.36 6.548.454l1.851.172 1.12 2.455c2.608 5.716 4.522 14.46 3.459 15.8-.412.52-.592.506-6.63-.491-8.599-1.42-10.407-1.609-15.366-1.609h-4.337l-.203 1.067c-.18.948.711 5.54 1.162 5.991.451.451 3.392.591 9.136.436 8.776-.237 8.271-.374 9.877 2.688 1.632 3.11 3.632 9.932 3.632 12.383 0 .304-18.484.089-22.116-.257l-1.76-.167-.194 1.033c-.268 1.43.629 4.08 1.63 4.816.712.523 1.47.576 11.388.789 9.579.206 12.755.44 13.672 1.007 1.026.634-1.136 8.952-3.517 13.535l-1.134 2.183-2.423.201c-5.576.465-35.186-.945-36.44-1.735-.997-.628-1.104-3.483-1.021-27.173.083-23.479.429-31.727 1.377-32.775 1.034-1.142 17.427-1.577 30.289-.803m-144.905 5.606c11.801 23.992 17.121 37.256 20.751 51.734.47 1.873.805 3.454.746 3.514-.273.273-15.291.66-17.09.441l-1.993-.244-1.516-2.324-1.517-2.323-2.699-.203c-3.707-.278-14.35-.034-15.02.343-.296.168-1.195 1.186-1.997 2.263-1.399 1.878-1.531 1.975-3.163 2.339-3.252.724-16.898.464-17.699-.337-.794-.794 12.095-30.752 21.055-48.939l5.716-11.602h11.801l2.625 5.338m199.567-3.835l.997.063-.094 14.947c-.089 14.242.054 18.697.819 25.48.45 3.986.614 4.126 4.826 4.125 1.921-.001 3.383-.251 10.794-1.847 1.716-.369 2.156-.385 2.358-.085.71 1.058-1.872 12.04-3.918 16.667l-.661 1.496h-35.414l.167-1.495c.092-.822.357-2.903.59-4.626 1.195-8.856 1.566-27.836.927-47.402l-.247-7.544 8.93.078c4.911.044 9.378.108 9.926.143m-210.239 31.68c-2.088 4.454-2.522 5.539-2.303 5.758.274.275 8.414.459 8.414.191 0-.318-3.736-7.392-4.296-8.133-.485-.643-.495-.631-1.815 2.184"></path><path fill="#da043d" d="M223.114 113.152c-2.441.861-5.529 3.163-7.598 5.661-1.939 2.343-1.414 2.476-5.194-1.314-3.887-3.898-5.002-4.516-8.471-4.693-5.147-.264-10.817 3.191-12.099 7.372-2.676 8.727 1.239 16.576 13.233 26.53a2056.43 2056.43 0 017.429 6.197l3.297 2.768 4.123-3.317c15.723-12.648 20.248-18.877 20.296-27.943.045-8.267-7.49-13.917-15.016-11.261"></path><path fill="#FFF" d="M.071 291.459L0 583.06l200.071-.07 200.071-.071-199.928-.072-199.929-.072-.071-291.458L.142-.142.071 291.459M288.7 27.83c-7.143 9.244-10.091 13.347-10.452 14.544-1.646 5.454.053 12.509 4.69 19.483l1.332 2.004-.006 2.731c-.01 4-1.053 6.703-4.94 12.802-2.158 3.387-2.203 3.567-.964 3.861.432.103 3.028 1.26 5.768 2.572 11.456 5.485 12.059 5.311 18.79-5.435 5.302-8.464 4.926-15.808-1.209-23.617-4.171-5.308-3.228-10.344 3.674-19.615l2.703-3.632-.743-.775c-1.141-1.191-2.758-1.864-7.518-3.128-4.194-1.114-8.421-2.603-8.992-3.166-.506-.499-.867-.267-2.133 1.371M55.374 32.762c-9.028 11.055-9.285 12.519-4.198 23.893 2.655 5.934 2.917 6.802 2.917 9.664 0 4.873-1.887 9.319-5.748 13.543-.763.835-1.287 1.575-1.165 1.644.122.07.735.291 1.361.49s3.06 1.255 5.409 2.346c4.706 2.185 8.181 3.477 10.151 3.772l1.287.193 2.893-3.105c9.214-9.891 10.086-16.16 4.031-28.974-2.033-4.302-2.017-4.249-2.018-6.671-.001-3.884 1.433-6.814 6.296-12.863 1.56-1.94 2.795-3.653 2.744-3.808-.271-.836-4.673-2.527-10.052-3.86-3.109-.771-6.278-1.66-7.042-1.976-.765-.315-1.47-.571-1.566-.568-.097.002-2.482 2.828-5.3 6.28m72.709-5.597c-3.93.698-4.574 1.804-13.85 23.794l-.42.995-1.159-2.276c-.637-1.252-3.112-6.44-5.498-11.529-5.26-11.215-4.507-10.437-10.43-10.77-7.954-.446-12.931.441-12.824 2.287.133 2.293 3.93 12.442 9.6 25.66a9628.832 9628.832 0 017.847 18.411c3.163 7.437 5.923 13.795 6.135 14.128.689 1.088 11.093 2.062 12.459 1.166 1.008-.66 2.316-3.366 9.591-19.85 3.628-8.22 9.149-20.474 12.268-27.23 5.488-11.887 5.911-12.949 5.447-13.678-.56-.88-15.561-1.748-19.166-1.108m27.93-.14c-2.47.181-4.671.741-4.863 1.239-.826 2.133-1.529 45.422-.898 55.262.307 4.796.107 4.583 4.548 4.832 24.37 1.369 34.382 1.618 34.949.868 1.937-2.56 4.957-10.712 5.021-13.553.065-2.88 1.421-2.615-15.553-3.034-10.724-.265-11.245-.496-11.245-4.971v-1.502l2.775.092c1.527.05 4.909.217 7.516.369 2.608.152 6.739.277 9.182.277h4.441v-.978c0-2.39-1.584-7.848-3.407-11.74-1.587-3.388-1.532-3.369-8.67-2.971-6.559.366-9.862.397-10.276.097-.844-.61-1.581-5.799-.982-6.918.566-1.058 7.385-.67 17.993 1.024 7.031 1.122 7.688 1.165 8.215.53 1.499-1.807-3.072-17.713-5.223-18.175-3.052-.654-27.392-1.197-33.523-.748m164.914.005c-2.814.449-2.834.462-3.177 1.936-1.051 4.525-1.723 21.144-1.73 42.81l-.006 14.978 1.78.176c4.291.423 13.836.559 14.68.209 1.11-.46 1.626-2.272 2.201-7.745.54-5.13.715-6.227.993-6.227 1.036 0 5.222 3.595 10.207 8.765l5.584 5.791 1.281-.178c5.911-.824 19.075-5.09 19.075-6.181 0-1.615-5.691-7.558-11.255-11.755-8.074-6.091-10.725-8.667-9.906-9.627 1.263-1.48 5.975-6.704 10.064-11.156 5.995-6.529 11.951-13.253 11.951-13.493 0-1.058-14.399-7.142-16.913-7.146-1.867-.003-5.089 2.744-10.624 9.06-7.962 9.084-7.429 9.12-7.778-.521-.235-6.509-.446-8.82-.808-8.831-.097-.003-1.393-.199-2.881-.435-3.227-.514-10.643-.764-12.738-.43m-113.81.266l-.854.183v4.125c0 10.184.515 51.196.676 53.848l.178 2.947 1.424.378c1.691.45 7.71.572 11.597.236l2.772-.24.261-1.041c.421-1.679.57-3.372 1.161-13.193.308-5.117.71-10.464.891-11.883l.331-2.58 1.058.595c2.019 1.135 4.727 3.873 14.887 15.059 5.618 6.185 10.55 11.424 10.96 11.642 1.055.563 9.231.786 11.954.327l2.064-.348v-1.185c0-.651.132-8.038.293-16.415.337-17.467.045-39.866-.533-40.925-.81-1.485-1.312-1.585-8.108-1.612-4.131-.017-7.125.109-8.659.365-3.061.509-2.925.001-3.215 11.994-.127 5.246-.318 9.858-.423 10.249a68.226 68.226 0 01-.484 1.673l-.291.961-12.482-12.479-12.482-12.48-2.075-.208c-2.51-.251-9.713-.247-10.901.007m-66.476 444.499c-3.367.142-8.189.19-10.717.107l-4.595-.152-.202 5.477c-.11 3.013-.092 7.592.041 10.175l.241 4.698 10.249.473c5.637.261 10.858.485 11.602.499l1.352.024-.03-8.185c-.042-11.526-.19-13.3-1.109-13.342-.391-.018-3.466.083-6.832.226m.854 9.344v2.847h-3.953c-4.579 0-4.293.222-4.3-3.33l-.004-2.048 1.353-.107c.744-.059 2.601-.13 4.128-.158l2.776-.051v2.847M47.5 494.529c-1.581.918-2.449 43.04-1.197 58.125l.182 2.191 1.426.306c2.656.57 6.945 1.136 11.097 1.466 7.087.562 6.754 1.284 5.654-12.275-.452-5.559-.776-10.157-.721-10.218.055-.061 4.85.055 10.655.257 7.606.265 10.642.281 10.865.058.407-.407-.188-14.547-.631-14.989-.203-.204-3.536-.304-10.097-.304-7.126 0-9.884-.091-10.128-.335-.477-.477-.931-5.492-.58-6.414.334-.878 4.547-1.3 9.638-.966 1.528.1 4.838.325 7.355.5 6.175.429 5.95.578 6.213-4.148.202-3.641-.233-10.715-.715-11.616-.405-.755-1.138-1.038-2.835-1.094-.85-.028-3.019-.158-4.82-.289-5.037-.366-30.808-.576-31.361-.255m158.558.843c-12.239 4.145-24.76 18.667-24.793 28.756-.034 10.198 8.223 25.97 16.457 31.437l2.278 1.512 9.68-.235c21.701-.525 24.147-.924 23.735-3.866-1.363-9.732-1.407-24.309-.093-30.711.546-2.661-10.173-4.688-16.452-3.112-1.081.271-1.39 2.425-1.651 11.523-.269 9.353-.239 9.197-1.672 8.692-5.325-1.879-13.118-8.927-13.204-11.941-.077-2.714 6.258-9.221 13.18-13.539 7.294-4.551 12.203-8.147 12.226-8.958.054-1.847-6.819-6.902-12.504-9.194-3.556-1.435-3.964-1.455-7.187-.364m63.693-.257c-7.679.227-9.943.46-10.503 1.078-.948 1.048-1.294 9.296-1.377 32.775-.083 23.69.024 26.545 1.021 27.173 1.254.79 30.864 2.2 36.44 1.735l2.423-.201 1.134-2.183c2.381-4.583 4.543-12.901 3.517-13.535-.917-.567-4.093-.801-13.672-1.007-9.918-.213-10.676-.266-11.388-.789-1.001-.736-1.898-3.386-1.63-4.816l.194-1.033 1.76.167c3.632.346 22.116.561 22.116.257 0-2.451-2-9.273-3.632-12.383-1.606-3.062-1.101-2.925-9.877-2.688-5.744.155-8.685.015-9.136-.436-.451-.451-1.342-5.043-1.162-5.991l.203-1.067h4.337c4.959 0 6.767.189 15.366 1.609 6.038.997 6.218 1.011 6.63.491 1.063-1.34-.851-10.084-3.459-15.8l-1.12-2.455-1.851-.172c-7.658-.712-17.614-.987-26.334-.729m-144.98 11.575c-6.824 13.839-9.912 20.576-14.636 31.936-2.92 7.021-6.876 17.397-6.7 17.573.801.801 14.447 1.061 17.699.337 1.632-.364 1.764-.461 3.163-2.339.802-1.077 1.701-2.095 1.997-2.263.67-.377 11.313-.621 15.02-.343l2.699.203 1.517 2.323 1.516 2.324 1.993.244c1.799.219 16.817-.168 17.09-.441.059-.06-.276-1.641-.746-3.514-3.63-14.478-8.95-27.742-20.751-51.734l-2.625-5.338h-11.796l-5.44 11.032m200.819-2.206c.639 19.566.268 38.546-.927 47.402a274.13 274.13 0 00-.59 4.626l-.167 1.495h35.414l.661-1.496c2.046-4.627 4.628-15.609 3.918-16.667-.202-.3-.642-.284-2.358.085-7.411 1.596-8.873 1.846-10.794 1.847-4.212.001-4.376-.139-4.826-4.125-.765-6.783-.908-11.238-.819-25.48l.094-14.947-.997-.063c-.548-.035-5.015-.099-9.926-.143l-8.93-.078.247 7.544m-187.423 26.457c1.047 2.001 1.904 3.733 1.904 3.849 0 .268-8.14.084-8.414-.191-.219-.219.215-1.304 2.303-5.758 1.576-3.36 1.269-3.513 4.207 2.1"></path><path fill="#609166" d="M211.53 118.861c.531.548 1.03.997 1.108.997.079 0-.292-.449-.823-.997-.531-.548-1.03-.996-1.108-.996-.078 0 .292.448.823.996m26.839 5.267c0 .705.056.993.124.641a4.047 4.047 0 000-1.281c-.068-.353-.124-.065-.124.64m78.855 18.432c1.057.055 2.787.055 3.844 0s.192-.1-1.922-.1-2.979.045-1.922.1m17.723 4.629c.771.783 1.466 1.423 1.544 1.423.078 0-.489-.64-1.26-1.423s-1.466-1.424-1.544-1.424c-.078 0 .488.641 1.26 1.424m-159.146 3.701c.611.626 1.176 1.138 1.254 1.138.078 0-.358-.512-.97-1.138-.611-.627-1.176-1.139-1.254-1.139-.078 0 .358.512.97 1.139m164.697 4.253c0 .461.102.9.225.977.124.076.174-.3.112-.837-.14-1.197-.337-1.278-.337-.14m8.189 3.35c.354.068.866.066 1.138-.006.273-.071-.017-.127-.644-.123-.626.003-.849.061-.494.129m3.84.28c.274.071.722.071.996 0 .274-.072.05-.13-.498-.13s-.772.058-.498.13M61.624 169.181l-1.126 1.21 1.21-1.125c1.125-1.047 1.341-1.294 1.126-1.294-.047 0-.591.544-1.21 1.209m180.369 7.759c-.692.704-1.193 1.281-1.115 1.281.078 0 .708-.577 1.4-1.281.691-.705 1.193-1.282 1.115-1.282-.079 0-.709.577-1.4 1.282m-5.278 5.338l-1.413 1.494 1.495-1.413c1.389-1.312 1.625-1.576 1.413-1.576-.045 0-.718.673-1.495 1.495m-45.611-.214c.003.626.061.849.129.495s.066-.867-.005-1.139c-.072-.272-.127.018-.124.644m-4.561 25.196c0 .548.059.772.13.498a2.323 2.323 0 000-.996c-.071-.274-.13-.05-.13.498m29.827 1.139c-.334.469-.544.854-.466.854.079 0 .416-.385.751-.854.334-.47.544-.855.466-.855-.079 0-.416.385-.751.855m-28.085 10.533c0 1.331.049 1.876.109 1.21.059-.665.059-1.754 0-2.42-.06-.665-.109-.121-.109 1.21m160.705 8.4c-.051 1.174.003 2.135.12 2.135.118-.001.214-.962.214-2.136 0-2.758-.213-2.758-.334.001m-7.084 7.757l-.981 1.068 1.068-.982c.994-.913 1.198-1.154.981-1.154-.048 0-.528.481-1.068 1.068m-156.71 6.05c.611.626 1.176 1.139 1.254 1.139.078 0-.358-.513-.97-1.139-.611-.627-1.176-1.139-1.254-1.139-.078 0 .358.512.97 1.139m6.815-.214l-.837.926.926-.837c.509-.46.925-.876.925-.925 0-.22-.235-.026-1.014.836m137.67 13.736c-.367.391-.614.758-.548.816.066.059.418-.261.782-.71.815-1.005.671-1.07-.234-.106m-276.08 15.232c0 .705.055.993.123.641a4.047 4.047 0 000-1.281c-.068-.353-.123-.064-.123.64m-.262 8.114c0 1.409.048 2.022.107 1.361.06-.661.061-1.814.002-2.562-.059-.749-.108-.208-.109 1.201m.262 6.691c0 .704.055.992.123.64a4.047 4.047 0 000-1.281c-.068-.352-.123-.064-.123.641m23.41 55.8c.771.783 1.466 1.424 1.544 1.424.078 0-.488-.641-1.26-1.424-.771-.783-1.466-1.423-1.544-1.423-.078 0 .489.64 1.26 1.423m4.412 4.413c1.009 1.018 1.899 1.851 1.977 1.851.078 0-.683-.833-1.692-1.851s-1.898-1.851-1.976-1.851c-.079 0 .683.833 1.691 1.851m194.015 5.908l-2.271 2.348 2.349-2.271c1.292-1.249 2.349-2.306 2.349-2.348 0-.208-.318.089-2.427 2.271m-5.26 5.195c-1.167 1.175-2.057 2.135-1.979 2.135.079 0 1.097-.96 2.264-2.135 1.166-1.174 2.057-2.135 1.978-2.135-.078 0-1.097.961-2.263 2.135m-165.762 6.607c.354.068.867.066 1.139-.005.272-.072-.018-.127-.644-.124-.626.003-.849.061-.495.129m42.203 20.012c.548.3 1.125.546 1.281.546.157 0-.163-.246-.711-.546-.548-.3-1.125-.545-1.282-.545-.156 0 .164.245.712.545m69.324 15.944c-.243.469-.378.854-.299.854.078 0 .341-.385.584-.854.243-.47.377-.855.299-.855-.078 0-.341.385-.584.855m-35.32 6.049l-.837.926.926-.837c.509-.459.925-.876.925-.925 0-.22-.235-.026-1.014.836m-10.959 4.698l-.981 1.067 1.068-.981c.994-.913 1.198-1.154.981-1.154-.048 0-.528.481-1.068 1.068m-9.964 9.11l-.981 1.068 1.067-.981c.994-.914 1.199-1.154.982-1.154-.048 0-.528.48-1.068 1.067m-4.911 8.473c-.261.547-.415.993-.343.993.195 0 1.059-1.743.929-1.873-.062-.062-.326.334-.586.88m30.621 9.961c.003.627.061.849.129.495.069-.354.066-.866-.005-1.139-.072-.272-.127.018-.124.644m-.275 4.84c.002.783.057 1.07.123.637.065-.433.063-1.073-.004-1.424-.068-.35-.121.004-.119.787m6.591 3.63l-.836.925.925-.836c.509-.46.925-.876.925-.925 0-.22-.235-.026-1.014.836m-6.886 4.626c.004.627.062.849.13.495s.066-.866-.006-1.138c-.071-.273-.127.017-.124.643m.712 2.621c.352.068.928.068 1.281 0 .352-.068.064-.123-.641-.123-.704 0-.993.055-.64.123"></path></g></svg><svg id="svg-utz" fill-rule="evenodd" stroke-linejoin="round" stroke-miterlimit="2" clip-rule="evenodd" viewBox="0 0 111 111"><path fill="none" d="M0 0h110.026v110.026H0z"></path><path fill="#fff" d="M16.224 33.793h75.975V63.95H16.224z"></path><path fill="#931836" d="M79.744 2.852v.682l-.341 1.024-.341.34c0 1.024-5.117 6.823-6.14 6.823h-.342a10.224 10.224 0 01-4.434 1.706 3.382 3.382 0 00-1.024.341l-2.046.341-3.412.341h-6.822l-4.435-.34a17.27 17.27 0 01-3.41 0l-3.412-.683h-2.73a16.888 16.888 0 00-3.41-.682h-3.753a77.36 77.36 0 00-19.102.682l-3.07 1.023h-1.024l-.341.683-1.023.34-5.117 5.118c0 .682-.682 1.364-1.024 1.705l-.682 1.706v1.023l-.682.682v1.365l-.682 1.023a52.89 52.89 0 004.434 30.701v1.365l.683.682v.682l.682.682v1.024l1.364 3.07a159.632 159.632 0 0011.598 21.15l1.024 1.705 1.023 1.023c0 .341 0 1.024.682 1.365L23.8 93.59l.682.682s0 .682.682 1.023c0 .682.683 1.024.683 1.024l.34 1.023c.683.341.683.682.683 1.023l.682.683 1.024 1.364c0 .682 1.705 2.729 2.046 3.07l3.07 3.752 1.024 1.024-1.024-2.388v-.341l-.34-1.024-.342-.34-.682-1.365-.341-1.024-.341-.682-.341-1.023-.342-.682-.682-2.047v-1.365l-.682-1.364v-1.706c-.682-.682-.682-3.752 0-4.775v-1.024l.341-1.364 3.411-3.411h1.024l3.41-1.024 1.365-.34a38.46 38.46 0 0112.963 0l2.729.681h2.047l2.388.683h2.046l2.047.34 2.388.342 2.047.34 2.387.342h2.047l4.094.682c2.845-.003 5.69.11 8.528.341a33.8 33.8 0 0010.916-1.705H96.8a107.938 107.938 0 005.117-3.07 23.176 23.176 0 006.822-8.528v-.683l.341-1.364.341-1.023c.58-5.12.348-10.302-.682-15.35v-1.365l-.682-1.024v-1.023l-.341-1.024-.341-1.364-.341-1.023-.342-.683-.34-1.023-.342-.682-.34-1.024a21.898 21.898 0 01-1.365-2.729 80.985 80.985 0 01-2.388-5.116l-2.047-3.412c-1.706-3.41-2.388-4.775-3.411-5.799l-.341-1.023-.683-1.023-1.023-2.047h-.341c0-.341 0-1.023-.682-1.365l-.683-1.023v-.341l-1.705-2.047-1.365-2.047s0-.682-.682-1.023l-.682-1.023a197.593 197.593 0 00-8.528-9.893zm2.388 6.482l1.023 1.023a62.037 62.037 0 014.776 6.481l.682 1.365v.34l1.023.683a33.18 33.18 0 002.047 3.411l.682 1.365.683 1.023.34.341.342.682v.683l.682.682a29.822 29.822 0 002.047 3.07v.341l.682 1.365.341.34v.683l.682.682v.683l.683.682v.682l.682.682v.341l.682.683v.682l.682.682.341 1.023.683 1.706.34 1.023.683.342v.682l.682 2.047.683 1.364v1.023l.682 1.024v1.023l.682 1.023v1.365l.682 1.364v1.365l.683 2.047v3.07c.682 1.364.682 2.046.34 3.411l-.34 3.07-.342 1.706-.34 1.023-1.706 3.411-.341.341c0 1.024-5.8 5.8-6.823 5.8l-1.364.682-1.024.34h-1.023a3.433 3.433 0 00-1.365.683h-1.705a42.35 42.35 0 01-12.963 0h-6.14l-4.776-.682h-2.046l-2.388-.682H60.64l-2.388-.683h-2.047l-2.387-.682H51.43l-3.412-.341c-1.705-.341-5.457-.682-6.822 0h-3.411l-2.047.682h-1.023l-1.024.341-.682.341a13.696 13.696 0 00-5.117 3.753l-.682 1.364-.682 1.024v1.023c-.682.682-.682 4.435 0 5.117v2.047l-1.024-1.706-.34-.341-1.024-1.706-1.023-1.364-.342-1.024v-.34l-.682-.683-2.046-3.411-1.365-2.73L18 79.263l-.341-.682-.341-1.023v-.682l-.342-.342a51.942 51.942 0 01-4.093-7.845l-.682-1.365v-.682l-.683-.682v-.683l-.682-1.023-1.364-2.729v-1.023l-.683-.682v-1.024l-.682-.682v-.682L5.38 49.245l-.34-1.365-.342-1.705-.341-1.365-.682-1.364-.341-2.388A32.762 32.762 0 015.38 24.684v-.682l.341-.683 1.365-.34.341-1.024c.341-.682 3.411-3.411 4.093-3.411l.683-.682 2.046-1.024h1.024l1.364-.34 1.706-.342a118.427 118.427 0 0130.019 1.023l9.551.341h8.87l1.705-1.364h1.364l2.047-.682 2.047-1.024h.682c0-.682 1.023-1.023 1.364-1.364a27.245 27.245 0 004.435-3.752c0-.342 0-.683.682-.683 0 0 .683.341.683 1.024l.34-.341z"></path><path fill="#931836" d="M79.403 13.768c-1.024 1.365-2.388 2.388-4.435 3.411l-1.023.683h-.683l-1.023.34-3.411 1.024-1.365.341-2.387.341h-15.35l-3.753-.34-2.388-.342-3.411-.341c-.9-.188-1.812-.3-2.73-.341a96.363 96.363 0 00-19.784 0c-3.07.34-5.458 1.364-6.823 3.411-1.364 1.023-3.07 3.411-3.07 4.093v.683l-.682 2.046-.682 2.388c.058 2.16.058 4.322 0 6.482.436 3.414.89 6.825 1.364 10.233l.341 1.706 1.024 3.07 2.046 5.458.341 1.023 1.365 2.73a126.106 126.106 0 0011.257 21.49c.682 0 .682 0 1.023-.682a14.345 14.345 0 017.164-5.8l3.07-1.023h1.364l2.047-.682a43.6 43.6 0 0113.645.341l2.729.341h2.047l2.388.682h2.046l2.047.683h2.047l2.388.682h2.388l1.705.341 4.435.682a58.076 58.076 0 0016.032-.682 17.041 17.041 0 006.14-3.411 13.65 13.65 0 005.117-9.21 38.56 38.56 0 00-3.41-20.127l-.683-.682v-1.023l-.682-1.024a475.2 475.2 0 00-9.552-17.397l-2.388-4.093-1.023-1.365v-.682l-1.364-1.364a268.279 268.279 0 00-3.412-4.435c0-.682-.682-.682-2.046.341zM24.483 44.47c0 10.234 0 9.551 1.705 10.916.34.341.682.682 2.388.682h2.046l2.047-3.07v-18.08h6.822v9.21c.25 3.654.02 7.325-.682 10.917v1.023l-.682 1.024c-.682 1.023-1.706 2.387-3.411 3.41-.444.161-.9.277-1.365.342l-.682.341a23.88 23.88 0 01-8.528 0l-1.365-.682c-1.023-.341-3.41-2.73-3.41-3.411l-.683-.342v-.682l-.682-1.023-.341-10.234V35.6h6.822v8.869zm40.934-6.822v2.387h-8.87v21.15h-6.822v-21.15h-4.434l-4.435-.34v-4.776h24.22v2.729h.34zm22.173 0v2.387l-2.73 3.412a224.337 224.337 0 01-10.233 12.962H87.59v5.117H66.44l-.341-2.047c0-2.387 0-2.729.682-3.41l1.024-1.706.682-1.024a63.884 63.884 0 005.799-6.822l1.023-1.365 3.411-4.775-6.48-.342h-6.141V35.26h21.15v2.388h.34z"></path></svg><svg id="svg-freezable" viewBox="0 0 20 20"><g fill="none" fill-rule="evenodd"><path fill="#91C2F6" d="M10 20C4.477 20 0 15.523 0 10S4.477 0 10 0s10 4.477 10 10-4.477 10-10 10z"></path><path fill="#FFF" d="M15.96 11.573l-.485-.846-1.597.927-2.9-1.684 2.9-1.685 1.595.926.485-.846-1.107-.643 1.69-.982-.485-.846-1.694.983V5.585h-.971V7.44l-2.906 1.687V5.754l1.6-.928-.485-.846-1.115.646V2.662h-.972v1.962L8.404 3.98l-.485.846 1.594.926V9.12L6.612 7.436v-1.85h-.973v1.286l-1.69-.98-.485.845 1.692.982-1.111.645.485.846 1.598-.927L9.033 9.97l-2.905 1.687-1.599-.929-.487.847 1.114.646-1.69.98.486.846 1.687-.98v1.287h.973v-1.85l2.9-1.685v3.369l-1.592.924.486.846 1.107-.643v1.962h.972v-1.964l1.113.646.486-.846-1.6-.928v-3.372l2.907 1.686v1.855h.97v-1.291l1.693.982.487-.846-1.69-.981z"></path></g></svg><svg id="svg-frozen" viewBox="0 0 20 20"><g fill="none" fill-rule="evenodd"><path fill="#91C2F6" fill-rule="nonzero" d="M10 20C4.477 20 0 15.523 0 10S4.477 0 10 0s10 4.477 10 10-4.477 10-10 10z"></path><path fill="#FFF" fill-rule="nonzero" d="M10 18.75a8.75 8.75 0 100-17.5 8.75 8.75 0 000 17.5z"></path><path fill="#91C2F6" d="M15.607 11.52l-.457-.803-1.503.879L10.917 10l2.73-1.596 1.501.877.457-.801-1.042-.61 1.59-.93-.456-.8-1.595.93V5.846h-.913v1.758l-2.735 1.598V6.007l1.506-.88-.457-.802-1.05.613V3.077H9.54v1.859l-1.044-.61-.457.802 1.5.877v3.19L6.809 7.6V5.846h-.915v1.22l-1.59-.93-.457.802 1.592.93-1.046.611.457.802 1.504-.878L9.087 10l-2.734 1.598-1.505-.88-.458.803 1.048.611-1.591.93.458.801 1.588-.928v1.219h.915V12.4l2.73-1.596v3.191l-1.499.876.458.801 1.042-.609v1.86h.915v-1.862l1.047.613.457-.803-1.504-.878v-3.195l2.735 1.597v1.758h.913V12.93l1.593.93.458-.802-1.59-.929z"></path></g></svg><svg id="svg-microwavable" viewBox="0 0 20 20"><g fill="none" fill-rule="evenodd"><circle cx="10" cy="10" r="10" fill="#FFF"></circle><g fill="#4A4A4A"><path d="M10 20C4.477 20 0 15.523 0 10S4.477 0 10 0s10 4.477 10 10-4.477 10-10 10zm0-1.25a8.75 8.75 0 100-17.5 8.75 8.75 0 000 17.5z"></path><path fill-rule="nonzero" d="M10.348 13.517l.12.13c1.155 1.3 2.29 1.3 3.442.522a4.03 4.03 0 00.363-.276l.107-.095a2.9 2.9 0 00.136-.133l.017-.018.934.83c-.17.193-.462.461-.858.729-1.586 1.07-3.365 1.096-4.957-.598l-.12-.13c-1.155-1.3-2.29-1.3-3.442-.522a4.03 4.03 0 00-.363.276l-.107.095a2.9 2.9 0 00-.136.133l-.017.018-.934-.83c.17-.193.462-.461.858-.729 1.586-1.07 3.365-1.096 4.957.598zm0-4.219l.12.13c1.155 1.3 2.29 1.3 3.442.523a4.03 4.03 0 00.363-.277l.107-.095a2.9 2.9 0 00.136-.133l.017-.017.934.83c-.17.192-.462.46-.858.728-1.586 1.07-3.365 1.096-4.957-.598l-.12-.13c-1.155-1.3-2.29-1.3-3.442-.522a4.03 4.03 0 00-.363.277l-.107.094a2.9 2.9 0 00-.136.133l-.017.018-.934-.83c.17-.193.462-.461.858-.728 1.586-1.07 3.365-1.097 4.957.597zm0-4.219l.12.13c1.155 1.3 2.29 1.3 3.442.523a4.03 4.03 0 00.363-.277l.107-.095a2.9 2.9 0 00.136-.132l.017-.018.934.83c-.17.193-.462.461-.858.728-1.586 1.07-3.365 1.097-4.957-.597l-.12-.13c-1.155-1.3-2.29-1.3-3.442-.523a4.03 4.03 0 00-.363.277l-.107.095a2.9 2.9 0 00-.136.132l-.017.018-.934-.83c.17-.193.462-.461.858-.728 1.586-1.07 3.365-1.097 4.957.597z"></path></g></g></svg><svg id="svg-organic" viewBox="0 0 20 20"><g fill="none" fill-rule="evenodd"><path fill="#A8AE18" d="M10 20C4.477 20 0 15.523 0 10S4.477 0 10 0s10 4.477 10 10-4.477 10-10 10z"></path><path fill="#FFF" d="M10 16.923c3.659 0 6.154-2.622 6.154-6.984 0-4.343-2.495-6.862-6.154-6.862-3.638 0-6.154 2.499-6.154 6.862 0 4.362 2.516 6.984 6.154 6.984z"></path><path fill="#A8AE18" d="M10 13.846c-1.4 0-2.308-1.513-2.308-3.9 0-2.37.907-3.792 2.308-3.792 1.416 0 2.308 1.422 2.308 3.791 0 2.388-.892 3.901-2.308 3.901z"></path></g></svg><svg id="svg-v-label" xmlns:xlink="http://www.w3.org/1999/xlink" x="0" y="0" version="1.1" viewBox="0 0 841.89 595.28" xml:space="preserve"><style>.ls_v-label__ls_v-label__ls_v-label__ls_v-label__ls_v-label__ls_v-label__ls_v-label__ls_v-label__ls_v-label__ls_v-label__ls_v-label__ls_v-label__ls_v-label__ls_v-label__ls_v-label__ls_v-label__ls_v-label__ls_v-label__ls_v-label__ls_v-label__ls_ve-label__ls_ve-label__ls_ve-label__ls_vegan-label__ls_vegan-label__ls_vegan-label__ls_vegan-label__ls_vegan-label__ls_vegan-label__ls_vegan-label__ls_vegan-label__ls_vegan-label__ls_vegan-label__ls_vegan-label__st3{fill:#008237}&lt;\/style&gt;<defs><path id="ls_v-label__ls_v-label__ls_v-label__ls_v-label__ls_v-label__ls_v-label__ls_v-label__ls_v-label__ls_v-label__ls_v-label__ls_v-label__ls_v-label__ls_v-label__ls_v-label__ls_v-label__ls_v-label__ls_v-label__ls_v-label__ls_v-label__ls_v-label__ls_ve-label__ls_ve-label__ls_ve-label__ls_vegan-label__ls_vegan-label__ls_vegan-label__ls_vegan-label__ls_vegan-label__ls_vegan-label__ls_vegan-label__ls_vegan-label__ls_vegan-label__ls_vegan-label__ls_vegan-label__SVGID_1_" d="M0 0h841.89v595.28H0z"></path></defs><clippath id="ls_v-label__ls_v-label__ls_v-label__ls_v-label__ls_v-label__ls_v-label__ls_v-label__ls_v-label__ls_v-label__ls_v-label__ls_v-label__ls_v-label__ls_v-label__ls_v-label__ls_v-label__ls_v-label__ls_v-label__ls_v-label__ls_v-label__ls_v-label__ls_ve-label__ls_ve-label__ls_ve-label__ls_vegan-label__ls_vegan-label__ls_vegan-label__ls_vegan-label__ls_vegan-label__ls_vegan-label__ls_vegan-label__ls_vegan-label__ls_vegan-label__ls_vegan-label__ls_vegan-label__SVGID_00000022551578401744591280000012594884464289933978_"><use overflow="visible" xlink:href="#ls_v-label__ls_v-label__ls_v-label__ls_v-label__ls_v-label__ls_v-label__ls_v-label__ls_v-label__ls_v-label__ls_v-label__ls_v-label__ls_v-label__ls_v-label__ls_v-label__ls_v-label__ls_v-label__ls_v-label__ls_v-label__ls_v-label__ls_v-label__ls_ve-label__ls_ve-label__ls_ve-label__ls_vegan-label__ls_vegan-label__ls_vegan-label__ls_vegan-label__ls_vegan-label__ls_vegan-label__ls_vegan-label__ls_vegan-label__ls_vegan-label__ls_vegan-label__ls_vegan-label__SVGID_1_"></use></clippath><path fill="#ffed00" fill-rule="evenodd" d="M420.61 440.77c78.08 0 141.74-63.7 141.74-141.74 0-78.08-63.66-141.74-141.74-141.74-78.04 0-141.74 63.66-141.74 141.74 0 78.05 63.69 141.74 141.74 141.74" clip-path="url(#ls_v-label__ls_v-label__ls_v-label__ls_v-label__ls_v-label__ls_v-label__ls_v-label__ls_v-label__ls_v-label__ls_v-label__ls_v-label__ls_v-label__ls_v-label__ls_v-label__ls_v-label__ls_v-label__ls_v-label__ls_v-label__ls_v-label__ls_v-label__ls_ve-label__ls_ve-label__ls_ve-label__ls_vegan-label__ls_vegan-label__ls_vegan-label__ls_vegan-label__ls_vegan-label__ls_vegan-label__ls_vegan-label__ls_vegan-label__ls_vegan-label__ls_vegan-label__ls_vegan-label__SVGID_00000022551578401744591280000012594884464289933978_)" clip-rule="evenodd"></path><path fill="#008237" fill-rule="evenodd" d="M418.88 403.55s1.04-5.82 1.42-8.42c2.41-15.1 3.9-30.47 7.74-45.26 4.56-16.93 9.43-34.96 17.39-50.7 1.46-2.41 3.81-7.05 7.28-6.86 9.11-.7 18.3-3.67 25.77-9.15 5.57-4.11 9.97-8.75 13.08-14.99 2.4-6.32 3.42-12.52 3.38-19.3.1-6.11 1.05-11.6 3.42-17.25.52-1.56 1.12-3.07 1-4.74-3.48-.36-7.94 2.61-11.14 3.79-7.57 2.52-15.87 3.62-23.67 5.14-6.34 1.07-12.12 2.89-17.37 6.74-8.59 6.09-12.89 13.61-16.11 23.58-1.37 5.63-2.51 12.13-2.11 17.9l.3.66c1.46-.49 3.97-4.92 4.78-6.23 5.13-7.95 10.19-15.15 17.95-21.02 1.28-.78 8.62-4.79 9.53-2.8-.12 2.6-4.32 6.22-6 8.3-15.12 17.83-23.99 41.74-31.89 63.42-4.35 12-7.05 24.72-12.16 36.35-.24.42-.6 1.27-1.06 1.48-1.4-1.4-2.22-4.77-2.79-6.64-2.32-8.24-4.35-16.78-6.71-25.02-5.77-21.77-12.62-47.25-25.91-65.84-10.19-13.46-23.88-28.74-40.25-34.6-.21 0-.63.01-.84.02-.61 1.31.83 2.28 1.64 3.19 19.67 20.11 35.5 47.56 44.04 74.18 8.85 27.91 17.19 57.71 22.13 86.61.42 2.34.94 5.18 1.52 7.47 0 0 5.3.33 7.78.33 2.5-.01 7.86-.34 7.86-.34m-110.14-68.06l-2.99 1.21.14.33c.11-.04.21-.02.32.07.1.09.2.26.3.5l3.98 9.86-3.91 1.58-2.54-6.29c-.09-.24-.12-.43-.09-.56.03-.14.08-.22.16-.25l-.13-.33-3.04 1.23.14.33c.11-.05.21-.03.31.06.1.08.2.24.3.48l2.54 6.29-3.71 1.5-3.92-9.69c-.1-.25-.13-.45-.09-.59.04-.14.12-.24.24-.28l-.14-.33-3.08 1.25.14.33c.08-.04.18-.01.27.08.1.09.2.26.3.51l5.28 13.07.33-.13c-.07-.17-.08-.31-.02-.4.06-.09.2-.18.42-.26l12.88-5.2c.21-.09.37-.12.49-.1.11.02.2.12.27.3l.33-.14-5.35-13.23c-.1-.24-.15-.42-.15-.55 0-.13.05-.22.16-.26l-.14-.39zm-17.07-.83l.35-.08c-.05-.25-.04-.42.04-.51.08-.1.23-.16.45-.2l9.21-1.96c2.12-.48 3.44-1.51 3.96-3.09.52-1.58.51-3.57-.04-5.98-.48-2.43-1.28-4.26-2.4-5.49-1.12-1.23-2.74-1.63-4.87-1.21l-9.21 1.96c-.21.05-.38.05-.49-.01-.11-.05-.19-.19-.23-.4l-.35.08.88 4.14.35-.07c-.04-.2-.03-.35.06-.44.08-.09.23-.16.44-.2l9.31-1.98c1.12-.24 1.98-.01 2.6.69.62.7 1.09 1.85 1.42 3.46.36 1.6.39 2.84.11 3.73-.28.89-.98 1.45-2.1 1.69l-9.31 1.98c-.21.05-.38.05-.49 0-.11-.05-.18-.16-.22-.33l-.35.08.88 4.14zm-1.98-29.1l-.1-6.03c-.02-1.1.14-1.94.47-2.52.33-.58.84-.88 1.53-.9.69-.04 1.22.15 1.58.56.36.41.56 1.17.58 2.29l.11 6.53-4.17.07zm6.63-4.72l4.78-3.31c.23-.16.45-.32.67-.48.23-.16.41-.25.56-.27.06 0 .11.03.13.07.02.05.03.09.03.13l.36-.01-.08-4.73-.36.01c0 .2-.06.38-.16.54-.11.17-.25.31-.42.43l-5.58 4.05c-.17-1.33-.66-2.38-1.46-3.17-.8-.78-1.82-1.17-3.03-1.17-1.77.05-3.01.72-3.73 2.02-.72 1.3-1.04 3.14-.98 5.52l.15 8.84.36-.01c-.01-.23.04-.38.13-.45s.25-.11.49-.11l13.88-.24c.23-.01.39.02.49.09.1.07.14.22.14.45l.36-.01-.07-4.18h-.36c.01.19-.04.32-.13.38-.09.07-.26.1-.49.1l-5.62.1-.06-4.59zm-7.69-24.01c-.29 1.91-.19 3.64.29 5.2s1.26 2.84 2.35 3.84c1.08 1.01 2.39 1.64 3.92 1.89 1.53.23 2.97.03 4.31-.59 1.34-.62 2.48-1.6 3.42-2.93s1.57-2.95 1.88-4.85c.29-1.91.19-3.64-.29-5.2s-1.26-2.84-2.35-3.84c-1.08-1.01-2.39-1.64-3.92-1.89-1.53-.23-2.97-.03-4.31.59-1.34.62-2.48 1.6-3.42 2.93-.93 1.32-1.56 2.94-1.88 4.85m2.52.39c.34-2.01 1.11-3.53 2.31-4.58 1.2-1.05 2.64-1.45 4.32-1.22 1.68.3 2.92 1.13 3.74 2.49.81 1.37 1.07 3.05.78 5.07-.34 2.01-1.11 3.53-2.31 4.58-1.19 1.05-2.64 1.45-4.32 1.22-1.68-.3-2.92-1.13-3.74-2.49-.81-1.36-1.07-3.05-.78-5.07m13.52-23.52c.58-1.77.61-3.17.08-4.2-.53-1.03-1.43-1.75-2.7-2.17-1.52-.51-2.79-.46-3.8.17-1.01.63-1.79 1.76-2.35 3.41l-3.32 9.64.34.12c.07-.21.16-.32.27-.36.11-.03.27-.01.49.07l13.13 4.52c.22.07.36.15.43.25s.06.25-.01.45l.34.12 1.36-3.96-.34-.12c-.06.19-.15.3-.26.34-.11.03-.27.01-.49-.07l-5.36-1.85 2.19-6.36zm-8.48 4.17l1.97-5.73c.31-.95.67-1.56 1.09-1.83.41-.27.99-.28 1.72-.01.74.24 1.19.59 1.35 1.06.16.47.07 1.18-.27 2.11l-1.97 5.73-3.89-1.33zm26.23-23.72l-2.82-1.56-.17.32c.1.06.15.15.15.29 0 .14-.07.32-.19.55l-5.16 9.3-3.69-2.04 3.29-5.94c.13-.22.26-.37.38-.43s.22-.07.29-.03l.18-.32-2.86-1.59-.17.32c.1.05.15.15.15.28 0 .13-.06.31-.19.54l-3.29 5.94-3.5-1.94 5.07-9.14c.13-.24.27-.38.4-.44s.26-.06.37.01l.18-.32-2.91-1.61-.17.32c.08.04.12.13.11.26-.01.13-.08.32-.21.55l-6.83 12.32.32.17c.09-.17.19-.26.3-.27.11-.01.27.04.47.16l12.15 6.73c.21.11.33.21.38.31.05.1.03.23-.07.4l.32.17 6.92-12.48c.12-.23.24-.38.34-.47.1-.08.2-.1.3-.04l.16-.32zm3.83-5.42l-.28-.23c-.09.11-.18.18-.27.2-.09.02-.19-.01-.29-.09-.04-.02-.1-.11-.18-.26-.08-.15-.25-.46-.49-.94-.24-.47-.63-1.2-1.15-2.18l4.71-5.82c1.12.29 1.94.5 2.47.63.52.13.87.22 1.03.27.17.05.28.1.33.16.07.06.1.12.1.2 0 .07-.04.15-.11.23l.28.23 2.67-3.29-.28-.23c-.07.09-.19.13-.36.13-.17 0-.39-.04-.66-.12l-14.44-3.66c-.12-.03-.23-.05-.33-.07a.556.556 0 01-.26-.11.21.21 0 01-.08-.19c0-.08.03-.15.08-.21l-.28-.23-2.86 3.54.28.23c.05-.06.12-.09.2-.1.08-.01.14.01.18.04.08.07.14.15.19.23.05.09.09.18.14.27l6.47 12.8c.2.36.35.64.44.86.1.21.08.42-.07.62l.28.23 2.54-3.14zm-.65-10.02l-3.27 4.04-2.83-5.6 6.1 1.56zm6.87-14.6l14.37 1.76c.2.02.37.05.51.07.14.02.24.06.29.11.05.06.07.13.05.2-.02.07-.06.15-.14.21l.23.28 3-2.52-.23-.28c-.12.11-.24.15-.35.12-.11-.03-.24-.13-.39-.31l-8.93-10.64c-.15-.17-.23-.32-.24-.44-.01-.11.05-.22.18-.33l-.23-.28-2.77 2.32.23.28c.12-.1.23-.14.34-.1.11.03.24.14.38.31l6.5 7.75-13.57-1.61c-.16-.02-.29-.03-.4-.03-.11 0-.2-.04-.27-.12-.06-.07-.08-.13-.06-.19.01-.06.05-.11.11-.16l-.23-.28-3.38 2.84.23.28c.12-.1.23-.14.34-.1.11.03.24.14.38.31l8.93 10.64c.15.17.23.32.24.43.01.11-.04.22-.16.31l.23.28 2.71-2.27-.23-.28c-.1.09-.2.11-.3.07-.1-.04-.23-.14-.38-.32l-6.99-8.31zm35.96-27.98l.15.33c.1-.05.19-.07.29-.06.09 0 .16.04.2.12.04.13.07.58.08 1.34.02.76.03 1.6.05 2.52l.22 8.48-6.44-5.58c-.95-.81-1.68-1.42-2.17-1.82-.49-.41-.76-.65-.8-.72a.213.213 0 01.02-.23c.05-.07.13-.13.24-.18l-.15-.33-4.05 1.89.15.33c.26-.1.47-.1.63.01.17.11.32.23.45.35l11.29 9.63c.1.08.19.16.29.25.1.09.15.15.18.19.03.06.04.12.02.19s-.09.13-.22.19l.15.33 3.86-1.8-.15-.33c-.13.05-.24.07-.32.06-.08-.01-.13-.05-.17-.12a.542.542 0 01-.06-.25c0-.09-.01-.2-.02-.34l-.39-14.74c-.01-.24.02-.46.09-.65.07-.19.18-.33.34-.4l-.15-.33-3.61 1.67zm28.67 7.81l-.83-3.11-.35.09c.03.11 0 .22-.11.31-.1.09-.28.17-.53.24L385 184.22l-1.09-4.07 6.56-1.76c.25-.06.44-.07.57-.03.13.04.21.11.23.19l.35-.09-.85-3.16-.35.09c.03.11 0 .21-.09.3s-.27.17-.52.24l-6.56 1.76-1.04-3.87 10.1-2.71c.26-.07.46-.07.6-.02.14.06.22.15.25.28l.35-.09-.86-3.21-.35.09c.03.09-.01.18-.11.26-.1.08-.28.16-.54.23l-13.61 3.65.09.35c.18-.05.32-.04.4.03.08.07.16.22.21.45l3.59 13.41c.06.22.08.39.04.49-.04.11-.15.18-.33.23l.09.35 13.79-3.69c.25-.07.44-.09.57-.08.13.01.21.08.24.19l.37-.09zm17.13-5.61c-.3.25-.87.52-1.71.8s-1.74.48-2.71.58c-1.98.17-3.64-.15-4.97-.98-1.33-.83-2.1-2.17-2.31-4.05-.09-1.21.13-2.25.64-3.14.52-.89 1.24-1.59 2.17-2.11.93-.52 1.97-.83 3.12-.93 1.11-.08 2.08-.03 2.89.16.82.19 1.45.41 1.9.67.45.26.69.44.7.56.01.09.01.16 0 .21-.01.05-.01.09-.03.11l.32.15 1.56-3.63-.4-.12c-.1.09-.2.14-.3.16-.1 0-.32-.06-.67-.17-.35-.11-.79-.23-1.33-.36-.56-.14-1.23-.24-2.02-.31s-1.69-.06-2.7.02c-1.8.16-3.39.62-4.77 1.37-1.38.75-2.45 1.77-3.19 3.06-.74 1.29-1.04 2.81-.91 4.57.18 1.85.73 3.35 1.65 4.48.92 1.13 2.11 1.93 3.56 2.4 1.46.46 3.08.62 4.88.46 1.61-.15 3.1-.49 4.47-1.04 1.38-.55 2.55-1.26 3.52-2.13l-.03-.36a.484.484 0 01-.24-.16.6.6 0 01-.09-.31l-.38-4.33c-.02-.2-.01-.34.03-.43.04-.08.1-.15.21-.19l-.03-.36-7.12.62a.932.932 0 01-.5-.07.36.36 0 01-.21-.26l-.36.03.3 3.39.36-.03c-.01-.11.04-.22.15-.33.11-.11.27-.17.48-.2l3.84-.34.23 2.54zm23.46 4.53l.28-3.21-.36-.03c-.01.12-.08.2-.21.25-.13.05-.32.07-.58.04l-10.6-.93.37-4.2 6.76.59c.26.03.44.08.55.17.11.09.16.17.15.25l.36.03.29-3.26-.36-.03c-.01.12-.07.2-.19.25-.12.05-.31.07-.57.05l-6.76-.59.35-3.99 10.42.91c.27.03.46.09.57.19.11.1.16.21.14.35l.36.03.29-3.31-.36-.03c-.01.09-.07.16-.19.21-.12.05-.32.06-.59.04l-14.04-1.23-.03.36c.19.01.31.07.37.17s.07.26.05.49l-1.21 13.83c-.02.23-.06.39-.13.48-.07.09-.2.12-.39.1l-.03.36 14.22 1.24c.26.02.45.06.56.12.12.06.17.14.16.26l.35.04zm13.21 2.27c-.21-.05-.34-.13-.39-.24-.05-.11-.05-.28.01-.5l2.98-11.96 5 1.25c.25.06.43.12.53.19.1.07.14.16.1.29l.35.09.77-3.07-.35-.09c-.02.11-.1.18-.22.19-.12.02-.31 0-.56-.07l-13.07-3.26a1.78 1.78 0 01-.53-.2c-.1-.07-.14-.17-.1-.28l-.35-.09-.77 3.07.35.09c.03-.12.1-.19.23-.21.12-.01.31.01.56.08l5 1.25-2.98 11.96c-.05.23-.12.38-.21.45s-.24.09-.45.03l-.09.35 4.11 1.02.08-.34zm10.59 3.59l.14-.33a.533.533 0 01-.27-.2c-.05-.08-.05-.18 0-.3.01-.04.08-.12.2-.25.12-.12.37-.37.75-.74s.96-.95 1.75-1.74l6.94 2.81c.05 1.16.09 2 .11 2.54.03.54.04.89.04 1.07 0 .18-.02.29-.05.36-.04.08-.09.13-.16.15-.07.02-.16 0-.25-.04l-.14.33 3.93 1.59.14-.34c-.11-.04-.18-.14-.23-.3-.05-.16-.07-.38-.08-.67l-.72-14.88c-.01-.13-.02-.24-.03-.34-.01-.1 0-.19.03-.28.03-.07.09-.12.16-.14.08-.02.15-.02.23.01l.13-.33-4.22-1.7-.13.33c.07.03.12.09.15.16s.03.14.01.19c-.04.1-.1.18-.17.25l-.21.21-10.35 9.93c-.29.29-.52.52-.69.67-.17.16-.38.2-.61.12l-.13.33 3.73 1.53zm9.39-3.54l-4.82-1.95 4.53-4.34.29 6.29zm17.1 1.52l5.06 3.29c.92.6 1.53 1.2 1.83 1.79.3.6.26 1.19-.11 1.77-.36.59-.8.93-1.34 1-.54.07-1.28-.19-2.22-.8l-5.48-3.56 2.26-3.49zm.21 8.13l.07 5.81c.01.28.02.55.02.83.01.28-.02.48-.09.61-.04.05-.08.07-.13.07a.295.295 0 01-.13-.05l-.2.3 3.97 2.58.2-.3c-.16-.11-.28-.26-.36-.44-.08-.18-.12-.38-.12-.59l-.24-6.89c1.2.6 2.35.79 3.45.56 1.1-.23 1.99-.85 2.67-1.86.95-1.49 1.09-2.9.41-4.22-.68-1.32-2.02-2.62-4.03-3.9l-7.41-4.81-.2.3c.19.12.29.24.3.36.01.12-.05.27-.18.46l-7.56 11.65c-.12.2-.24.32-.35.36-.11.04-.26 0-.45-.13l-.2.3 3.51 2.28.2-.3c-.16-.1-.24-.21-.24-.32 0-.11.06-.27.19-.46l3.06-4.71 3.84 2.51zm18.91 3.97c.14-.18.28-.28.41-.3.13-.02.29.06.49.23l.23-.28-3.48-2.92-.23.28c.24.2.37.37.38.5.01.13-.07.28-.22.45l-8.93 10.64c-.14.18-.28.28-.41.3-.13.01-.31-.08-.55-.29l-.23.28 3.48 2.92.23-.28c-.21-.17-.31-.32-.32-.44-.01-.13.07-.28.22-.45l8.93-10.64zm-3.8 16.63l.26-.25c-.1-.1-.15-.2-.16-.3-.01-.09.03-.19.13-.27.03-.03.12-.08.28-.14.16-.06.49-.18.99-.35.5-.18 1.28-.45 2.32-.83l5.11 5.48c-.45 1.07-.77 1.85-.97 2.35-.2.5-.34.83-.41.98-.07.16-.14.26-.2.31-.07.06-.14.08-.21.07a.43.43 0 01-.21-.14l-.26.25 2.89 3.1.26-.25c-.08-.08-.11-.21-.08-.37s.09-.38.21-.64l5.63-13.79c.05-.12.08-.23.12-.32.03-.1.08-.18.14-.24.06-.05.13-.07.2-.06.08.01.14.05.2.11l.26-.25-3.1-3.33-.26.25c.05.06.07.13.07.21 0 .08-.03.14-.06.18-.08.07-.16.12-.26.16-.1.04-.19.07-.28.1l-13.57 4.62c-.38.15-.69.25-.91.32-.22.07-.42.02-.6-.15l-.27.25 2.74 2.94zm10.01.75l-3.55-3.8 5.94-2.02-2.39 5.82zm13.58 8.78l-3.74 13.99c-.05.19-.1.35-.14.5-.04.14-.09.23-.15.27-.07.04-.14.05-.21.02a.382.382 0 01-.19-.17l-.3.19 2.08 3.33.3-.19c-.09-.14-.11-.26-.07-.37.05-.11.17-.22.36-.34l11.78-7.36c.19-.12.35-.18.46-.18.11.01.21.08.3.22l.31-.19-1.91-3.06-.31.19c.08.13.1.25.06.35-.05.1-.17.21-.37.33l-8.58 5.36 3.49-13.22c.04-.15.07-.28.09-.39.02-.11.07-.19.15-.25.08-.05.14-.06.2-.04.05.02.1.07.14.13l.31-.19-2.34-3.75-.31.19c.09.13.1.24.06.35-.05.1-.17.21-.37.34l-11.78 7.36c-.19.12-.35.18-.46.18-.11 0-.21-.07-.29-.2l-.3.19 1.87 3 .3-.19c-.07-.11-.08-.21-.03-.31s.17-.21.37-.33l9.22-5.76zm19.22 28.05l-.35.11c.08.24.08.41 0 .52-.07.1-.22.18-.43.24l-9 2.75c-2.07.66-3.29 1.8-3.68 3.42-.38 1.62-.2 3.6.57 5.96.69 2.38 1.64 4.13 2.86 5.25 1.22 1.13 2.88 1.39 4.96.78l9-2.75c.21-.07.37-.08.49-.04s.21.17.27.38l.34-.1-1.24-4.05-.34.1c.06.2.06.34-.02.44-.07.1-.21.18-.42.24l-9.1 2.78c-1.09.33-1.98.18-2.65-.46-.68-.64-1.25-1.75-1.71-3.32-.5-1.56-.64-2.8-.44-3.71.2-.91.85-1.53 1.94-1.87l9.1-2.78c.21-.07.37-.08.49-.05.12.04.2.14.25.31l.34-.11-1.23-4.04zm2.87 28.81l-9.68 10.77c-.13.15-.25.27-.35.38-.1.11-.19.16-.25.17a.237.237 0 01-.2-.07.433.433 0 01-.09-.24l-.36.03.34 3.91.36-.03c-.02-.17.02-.29.11-.36s.25-.12.48-.14l13.83-1.21c.23-.02.39-.01.49.05.1.06.16.17.17.33l.36-.03-.31-3.6-.36.03c.02.15-.02.26-.11.34-.09.07-.25.11-.48.13l-10.08.88 9.11-10.19c.1-.12.19-.22.26-.31s.15-.14.25-.15c.09-.01.15.01.19.06.04.04.06.1.06.18l.36-.03-.38-4.4-.36.03c.02.15-.02.27-.11.34s-.25.12-.48.13l-13.83 1.21c-.23.02-.39.01-.49-.05-.1-.05-.16-.16-.17-.31l-.36.03.31 3.52.36-.03c-.02-.13.02-.23.11-.29.09-.07.25-.11.48-.13l10.82-.95zm3.87 24.37c.23 0 .39.05.48.14.09.09.13.27.12.53l.36.01.16-4.54-.36-.01c-.01.31-.06.52-.16.6-.1.09-.26.12-.49.1l-13.88-.49c-.23 0-.39-.04-.48-.14-.09-.09-.13-.3-.11-.61l-.36-.01-.16 4.54.36.01c0-.27.06-.44.16-.52.1-.08.26-.12.49-.1l13.87.49zm-.53 16.11c.29-1.91.19-3.64-.29-5.2s-1.26-2.84-2.35-3.84c-1.08-1-2.39-1.64-3.92-1.89-1.53-.23-2.97-.03-4.31.59-1.34.62-2.48 1.6-3.42 2.93s-1.57 2.95-1.88 4.85c-.29 1.91-.19 3.64.29 5.2s1.26 2.84 2.35 3.84c1.08 1.01 2.39 1.64 3.92 1.89 1.53.23 2.97.03 4.31-.59 1.34-.62 2.48-1.6 3.42-2.93s1.56-2.94 1.88-4.85m-2.52-.39c-.34 2-1.11 3.53-2.31 4.58-1.2 1.05-2.64 1.45-4.32 1.22-1.68-.3-2.92-1.13-3.74-2.49-.81-1.36-1.07-3.05-.78-5.07.34-2 1.11-3.53 2.31-4.58 1.2-1.05 2.64-1.45 4.32-1.22 1.68.3 2.92 1.13 3.74 2.5.82 1.36 1.08 3.04.78 5.06m-6.63 18.96l-13.42 5.43c-.18.07-.34.13-.48.18-.14.05-.24.06-.3.04a.232.232 0 01-.14-.15.401.401 0 01.02-.26l-.34-.13-1.41 3.66.34.13c.06-.16.14-.25.25-.27.11-.03.27 0 .49.09l12.97 4.98c.22.08.36.17.42.26.06.1.07.22 0 .37l.34.13 1.29-3.37-.34-.13c-.05.14-.13.23-.24.25-.11.02-.27-.01-.49-.09l-9.44-3.63 12.65-5.17c.14-.06.27-.12.37-.17.1-.05.2-.06.29-.03.08.03.13.08.15.13.01.06.01.12-.02.19l.34.13 1.58-4.12-.34-.13c-.05.14-.13.23-.24.25-.11.02-.27-.01-.49-.09l-12.97-4.98c-.22-.08-.36-.17-.42-.26s-.07-.21-.01-.35l-.34-.13-1.27 3.3.34.13c.04-.12.12-.19.23-.21.11-.02.27.01.49.1l10.14 3.92zm-226.05 24.37a3.54 3.54 0 010 7.08c-1.95 0-3.54-1.59-3.54-3.54 0-1.96 1.58-3.54 3.54-3.54m206.57-.16a3.54 3.54 0 11-3.54 3.54c-.01-1.95 1.58-3.54 3.54-3.54" clip-path="url(#ls_v-label__ls_v-label__ls_v-label__ls_v-label__ls_v-label__ls_v-label__ls_v-label__ls_v-label__ls_v-label__ls_v-label__ls_v-label__ls_v-label__ls_v-label__ls_v-label__ls_v-label__ls_v-label__ls_v-label__ls_v-label__ls_v-label__ls_v-label__ls_ve-label__ls_ve-label__ls_ve-label__ls_vegan-label__ls_vegan-label__ls_vegan-label__ls_vegan-label__ls_vegan-label__ls_vegan-label__ls_vegan-label__ls_vegan-label__ls_vegan-label__ls_vegan-label__ls_vegan-label__SVGID_00000022551578401744591280000012594884464289933978_)" clip-rule="evenodd"></path><path fill="#008237" fill-rule="evenodd" d="M308.74 335.49l-2.99 1.21.14.33c.11-.04.21-.02.32.07.1.09.2.26.3.5l3.98 9.86-3.91 1.58-2.54-6.29c-.09-.24-.12-.43-.09-.56.03-.14.08-.22.16-.25l-.13-.33-3.04 1.23.14.33c.11-.05.21-.03.31.06.1.08.2.24.3.48l2.54 6.29-3.71 1.5-3.92-9.69c-.1-.25-.13-.45-.09-.59.04-.14.12-.24.24-.28l-.14-.33-3.08 1.25.14.33c.08-.04.18-.01.27.08.1.09.2.26.3.51l5.28 13.07.33-.13c-.07-.17-.08-.31-.02-.4.06-.09.2-.18.42-.26l12.88-5.2c.21-.09.37-.12.49-.1.11.02.2.12.27.3l.33-.14-5.35-13.23c-.1-.24-.15-.42-.15-.55 0-.13.05-.22.16-.26l-.14-.39zm-17.07-.83l.35-.08c-.05-.25-.04-.42.04-.51.08-.1.23-.16.45-.2l9.21-1.96c2.12-.48 3.44-1.51 3.96-3.09.52-1.58.51-3.57-.04-5.98-.48-2.43-1.28-4.26-2.4-5.49-1.12-1.23-2.74-1.63-4.87-1.21l-9.21 1.96c-.21.05-.38.05-.49-.01-.11-.05-.19-.19-.23-.4l-.35.08.88 4.14.35-.07c-.04-.2-.03-.35.06-.44.08-.09.23-.16.44-.2l9.31-1.98c1.12-.24 1.98-.01 2.6.69.62.7 1.09 1.85 1.42 3.46.36 1.6.39 2.84.11 3.73-.28.89-.98 1.45-2.1 1.69l-9.31 1.98c-.21.05-.38.05-.49 0-.11-.05-.18-.16-.22-.33l-.35.08.88 4.14zm-1.98-29.1l-.1-6.03c-.02-1.1.14-1.94.47-2.52.33-.58.84-.88 1.53-.9.69-.04 1.22.15 1.58.56.36.41.56 1.17.58 2.29l.11 6.53-4.17.07zm6.63-4.72l4.78-3.31c.23-.16.45-.32.67-.48.23-.16.41-.25.56-.27.06 0 .11.03.13.07.02.05.03.09.03.13l.36-.01-.08-4.73-.36.01c0 .2-.06.38-.16.54-.11.17-.25.31-.42.43l-5.58 4.05c-.17-1.33-.66-2.38-1.46-3.17-.8-.78-1.82-1.17-3.03-1.17-1.77.05-3.01.72-3.73 2.02-.72 1.3-1.04 3.14-.98 5.52l.15 8.84.36-.01c-.01-.23.04-.38.13-.45s.25-.11.49-.11l13.88-.24c.23-.01.39.02.49.09.1.07.14.22.14.45l.36-.01-.07-4.18h-.36c.01.19-.04.32-.13.38-.09.07-.26.1-.49.1l-5.62.1-.06-4.59zm-7.69-24.01c-.29 1.91-.19 3.64.29 5.2s1.26 2.84 2.35 3.84c1.08 1.01 2.39 1.64 3.92 1.89 1.53.23 2.97.03 4.31-.59 1.34-.62 2.48-1.6 3.42-2.93s1.57-2.95 1.88-4.85c.29-1.91.19-3.64-.29-5.2s-1.26-2.84-2.35-3.84c-1.08-1.01-2.39-1.64-3.92-1.89-1.53-.23-2.97-.03-4.31.59-1.34.62-2.48 1.6-3.42 2.93-.93 1.32-1.56 2.94-1.88 4.85m2.52.39c.34-2.01 1.11-3.53 2.31-4.58 1.2-1.05 2.64-1.45 4.32-1.22 1.68.3 2.92 1.13 3.74 2.49.81 1.37 1.07 3.05.78 5.07-.34 2.01-1.11 3.53-2.31 4.58-1.19 1.05-2.64 1.45-4.32 1.22-1.68-.3-2.92-1.13-3.74-2.49-.81-1.36-1.07-3.05-.78-5.07m13.52-23.52c.58-1.77.61-3.17.08-4.2-.53-1.03-1.43-1.75-2.7-2.17-1.52-.51-2.79-.46-3.8.17-1.01.63-1.79 1.76-2.35 3.41l-3.32 9.64.34.12c.07-.21.16-.32.27-.36.11-.03.27-.01.49.07l13.13 4.52c.22.07.36.15.43.25s.06.25-.01.45l.34.12 1.36-3.96-.34-.12c-.06.19-.15.3-.26.34-.11.03-.27.01-.49-.07l-5.36-1.85 2.19-6.36zm-8.48 4.17l1.97-5.73c.31-.95.67-1.56 1.09-1.83.41-.27.99-.28 1.72-.01.74.24 1.19.59 1.35 1.06.16.47.07 1.18-.27 2.11l-1.97 5.73-3.89-1.33zm26.23-23.72l-2.82-1.56-.17.32c.1.06.15.15.15.29 0 .14-.07.32-.19.55l-5.16 9.3-3.69-2.04 3.29-5.94c.13-.22.26-.37.38-.43s.22-.07.29-.03l.18-.32-2.86-1.59-.17.32c.1.05.15.15.15.28 0 .13-.06.31-.19.54l-3.29 5.94-3.5-1.94 5.07-9.14c.13-.24.27-.38.4-.44s.26-.06.37.01l.18-.32-2.91-1.61-.17.32c.08.04.12.13.11.26-.01.13-.08.32-.21.55l-6.83 12.32.32.17c.09-.17.19-.26.3-.27.11-.01.27.04.47.16l12.15 6.73c.21.11.33.21.38.31.05.1.03.23-.07.4l.32.17 6.92-12.48c.12-.23.24-.38.34-.47.1-.08.2-.1.3-.04l.16-.32zm3.83-5.42l-.28-.23c-.09.11-.18.18-.27.2-.09.02-.19-.01-.29-.09-.04-.02-.1-.11-.18-.26-.08-.15-.25-.46-.49-.94-.24-.47-.63-1.2-1.15-2.18l4.71-5.82c1.12.29 1.94.5 2.47.63.52.13.87.22 1.03.27.17.05.28.1.33.16.07.06.1.12.1.2 0 .07-.04.15-.11.23l.28.23 2.67-3.29-.28-.23c-.07.09-.19.13-.36.13-.17 0-.39-.04-.66-.12l-14.44-3.66c-.12-.03-.23-.05-.33-.07a.556.556 0 01-.26-.11.21.21 0 01-.08-.19c0-.08.03-.15.08-.21l-.28-.23-2.86 3.54.28.23c.05-.06.12-.09.2-.1.08-.01.14.01.18.04.08.07.14.15.19.23.05.09.09.18.14.27l6.47 12.8c.2.36.35.64.44.86.1.21.08.42-.07.62l.28.23 2.54-3.14zm-.65-10.02l-3.27 4.04-2.83-5.6 6.1 1.56zm6.87-14.6l14.37 1.76c.2.02.37.05.51.07.14.02.24.06.29.11.05.06.07.13.05.2-.02.07-.06.15-.14.21l.23.28 3-2.52-.23-.28c-.12.11-.24.15-.35.12-.11-.03-.24-.13-.39-.31l-8.93-10.64c-.15-.17-.23-.32-.24-.44-.01-.11.05-.22.18-.33l-.23-.28-2.77 2.32.23.28c.12-.1.23-.14.34-.1.11.03.24.14.38.31l6.5 7.75-13.57-1.61c-.16-.02-.29-.03-.4-.03-.11 0-.2-.04-.27-.12-.06-.07-.08-.13-.06-.19.01-.06.05-.11.11-.16l-.23-.28-3.38 2.84.23.28c.12-.1.23-.14.34-.1.11.03.24.14.38.31l8.93 10.64c.15.17.23.32.24.43.01.11-.04.22-.16.31l.23.28 2.71-2.27-.23-.28c-.1.09-.2.11-.3.07-.1-.04-.23-.14-.38-.32l-6.99-8.31zm35.96-27.98l.15.33c.1-.05.19-.07.29-.06.09 0 .16.04.2.12.04.13.07.58.08 1.34.02.76.03 1.6.05 2.52l.22 8.48-6.44-5.58c-.95-.81-1.68-1.42-2.17-1.82-.49-.41-.76-.65-.8-.72a.213.213 0 01.02-.23c.05-.07.13-.13.24-.18l-.15-.33-4.05 1.89.15.33c.26-.1.47-.1.63.01.17.11.32.23.45.35l11.29 9.63c.1.08.19.16.29.25.1.09.15.15.18.19.03.06.04.12.02.19s-.09.13-.22.19l.15.33 3.86-1.8-.15-.33c-.13.05-.24.07-.32.06-.08-.01-.13-.05-.17-.12a.542.542 0 01-.06-.25c0-.09-.01-.2-.02-.34l-.39-14.74c-.01-.24.02-.46.09-.65.07-.19.18-.33.34-.4l-.15-.33-3.61 1.67zm28.67 7.81l-.83-3.11-.35.09c.03.11 0 .22-.11.31-.1.09-.28.17-.53.24L385 184.22l-1.09-4.07 6.56-1.76c.25-.06.44-.07.57-.03.13.04.21.11.23.19l.35-.09-.85-3.16-.35.09c.03.11 0 .21-.09.3s-.27.17-.52.24l-6.56 1.76-1.04-3.87 10.1-2.71c.26-.07.46-.07.6-.02.14.06.22.15.25.28l.35-.09-.86-3.21-.35.09c.03.09-.01.18-.11.26-.1.08-.28.16-.54.23l-13.61 3.65.09.35c.18-.05.32-.04.4.03.08.07.16.22.21.45l3.59 13.41c.06.22.08.39.04.49-.04.11-.15.18-.33.23l.09.35 13.79-3.69c.25-.07.44-.09.57-.08.13.01.21.08.24.19l.37-.09zm17.13-5.61c-.3.25-.87.52-1.71.8s-1.74.48-2.71.58c-1.98.17-3.64-.15-4.97-.98-1.33-.83-2.1-2.17-2.31-4.05-.09-1.21.13-2.25.64-3.14.52-.89 1.24-1.59 2.17-2.11.93-.52 1.97-.83 3.12-.93 1.11-.08 2.08-.03 2.89.16.82.19 1.45.41 1.9.67.45.26.69.44.7.56.01.09.01.16 0 .21-.01.05-.01.09-.03.11l.32.15 1.56-3.63-.4-.12c-.1.09-.2.14-.3.16-.1 0-.32-.06-.67-.17-.35-.11-.79-.23-1.33-.36-.56-.14-1.23-.24-2.02-.31s-1.69-.06-2.7.02c-1.8.16-3.39.62-4.77 1.37-1.38.75-2.45 1.77-3.19 3.06-.74 1.29-1.04 2.81-.91 4.57.18 1.85.73 3.35 1.65 4.48.92 1.13 2.11 1.93 3.56 2.4 1.46.46 3.08.62 4.88.46 1.61-.15 3.1-.49 4.47-1.04 1.38-.55 2.55-1.26 3.52-2.13l-.03-.36a.484.484 0 01-.24-.16.6.6 0 01-.09-.31l-.38-4.33c-.02-.2-.01-.34.03-.43.04-.08.1-.15.21-.19l-.03-.36-7.12.62a.932.932 0 01-.5-.07.36.36 0 01-.21-.26l-.36.03.3 3.39.36-.03c-.01-.11.04-.22.15-.33.11-.11.27-.17.48-.2l3.84-.34.23 2.54zm23.46 4.53l.28-3.21-.36-.03c-.01.12-.08.2-.21.25-.13.05-.32.07-.58.04l-10.6-.93.37-4.2 6.76.59c.26.03.44.08.55.17.11.09.16.17.15.25l.36.03.29-3.26-.36-.03c-.01.12-.07.2-.19.25-.12.05-.31.07-.57.05l-6.76-.59.35-3.99 10.42.91c.27.03.46.09.57.19.11.1.16.21.14.35l.36.03.29-3.31-.36-.03c-.01.09-.07.16-.19.21-.12.05-.32.06-.59.04l-14.04-1.23-.03.36c.19.01.31.07.37.17s.07.26.05.49l-1.21 13.83c-.02.23-.06.39-.13.48-.07.09-.2.12-.39.1l-.03.36 14.22 1.24c.26.02.45.06.56.12.12.06.17.14.16.26l.35.04zm13.21 2.27c-.21-.05-.34-.13-.39-.24-.05-.11-.05-.28.01-.5l2.98-11.96 5 1.25c.25.06.43.12.53.19.1.07.14.16.1.29l.35.09.77-3.07-.35-.09c-.02.11-.1.18-.22.19-.12.02-.31 0-.56-.07l-13.07-3.26a1.78 1.78 0 01-.53-.2c-.1-.07-.14-.17-.1-.28l-.35-.09-.77 3.07.35.09c.03-.12.1-.19.23-.21.12-.01.31.01.56.08l5 1.25-2.98 11.96c-.05.23-.12.38-.21.45s-.24.09-.45.03l-.09.35 4.11 1.02.08-.34zm10.59 3.59l.14-.33a.533.533 0 01-.27-.2c-.05-.08-.05-.18 0-.3.01-.04.08-.12.2-.25.12-.12.37-.37.75-.74s.96-.95 1.75-1.74l6.94 2.81c.05 1.16.09 2 .11 2.54.03.54.04.89.04 1.07 0 .18-.02.29-.05.36-.04.08-.09.13-.16.15-.07.02-.16 0-.25-.04l-.14.33 3.93 1.59.14-.34c-.11-.04-.18-.14-.23-.3-.05-.16-.07-.38-.08-.67l-.72-14.88c-.01-.13-.02-.24-.03-.34-.01-.1 0-.19.03-.28.03-.07.09-.12.16-.14.08-.02.15-.02.23.01l.13-.33-4.22-1.7-.13.33c.07.03.12.09.15.16s.03.14.01.19c-.04.1-.1.18-.17.25l-.21.21-10.35 9.93c-.29.29-.52.52-.69.67-.17.16-.38.2-.61.12l-.13.33 3.73 1.53zm9.39-3.54l-4.82-1.95 4.53-4.34.29 6.29zm17.1 1.52l5.06 3.29c.92.6 1.53 1.2 1.83 1.79.3.6.26 1.19-.11 1.77-.36.59-.8.93-1.34 1-.54.07-1.28-.19-2.22-.8l-5.48-3.56 2.26-3.49zm.21 8.13l.07 5.81c.01.28.02.55.02.83.01.28-.02.48-.09.61-.04.05-.08.07-.13.07a.295.295 0 01-.13-.05l-.2.3 3.97 2.58.2-.3c-.16-.11-.28-.26-.36-.44-.08-.18-.12-.38-.12-.59l-.24-6.89c1.2.6 2.35.79 3.45.56 1.1-.23 1.99-.85 2.67-1.86.95-1.49 1.09-2.9.41-4.22-.68-1.32-2.02-2.62-4.03-3.9l-7.41-4.81-.2.3c.19.12.29.24.3.36.01.12-.05.27-.18.46l-7.56 11.65c-.12.2-.24.32-.35.36-.11.04-.26 0-.45-.13l-.2.3 3.51 2.28.2-.3c-.16-.1-.24-.21-.24-.32 0-.11.06-.27.19-.46l3.06-4.71 3.84 2.51zm18.91 3.97c.14-.18.28-.28.41-.3.13-.02.29.06.49.23l.23-.28-3.48-2.92-.23.28c.24.2.37.37.38.5.01.13-.07.28-.22.45l-8.93 10.64c-.14.18-.28.28-.41.3-.13.01-.31-.08-.55-.29l-.23.28 3.48 2.92.23-.28c-.21-.17-.31-.32-.32-.44-.01-.13.07-.28.22-.45l8.93-10.64zm-3.8 16.63l.26-.25c-.1-.1-.15-.2-.16-.3-.01-.09.03-.19.13-.27.03-.03.12-.08.28-.14.16-.06.49-.18.99-.35.5-.18 1.28-.45 2.32-.83l5.11 5.48c-.45 1.07-.77 1.85-.97 2.35-.2.5-.34.83-.41.98-.07.16-.14.26-.2.31-.07.06-.14.08-.21.07a.43.43 0 01-.21-.14l-.26.25 2.89 3.1.26-.25c-.08-.08-.11-.21-.08-.37s.09-.38.21-.64l5.63-13.79c.05-.12.08-.23.12-.32.03-.1.08-.18.14-.24.06-.05.13-.07.2-.06.08.01.14.05.2.11l.26-.25-3.1-3.33-.26.25c.05.06.07.13.07.21 0 .08-.03.14-.06.18-.08.07-.16.12-.26.16-.1.04-.19.07-.28.1l-13.57 4.62c-.38.15-.69.25-.91.32-.22.07-.42.02-.6-.15l-.27.25 2.74 2.94zm10.01.75l-3.55-3.8 5.94-2.02-2.39 5.82zm13.58 8.78l-3.74 13.99c-.05.19-.1.35-.14.5-.04.14-.09.23-.15.27-.07.04-.14.05-.21.02a.382.382 0 01-.19-.17l-.3.19 2.08 3.33.3-.19c-.09-.14-.11-.26-.07-.37.05-.11.17-.22.36-.34l11.78-7.36c.19-.12.35-.18.46-.18.11.01.21.08.3.22l.31-.19-1.91-3.06-.31.19c.08.13.1.25.06.35-.05.1-.17.21-.37.33l-8.58 5.36 3.49-13.22c.04-.15.07-.28.09-.39.02-.11.07-.19.15-.25.08-.05.14-.06.2-.04.05.02.1.07.14.13l.31-.19-2.34-3.75-.31.19c.09.13.1.24.06.35-.05.1-.17.21-.37.34l-11.78 7.36c-.19.12-.35.18-.46.18-.11 0-.21-.07-.29-.2l-.3.19 1.87 3 .3-.19c-.07-.11-.08-.21-.03-.31s.17-.21.37-.33l9.22-5.76zm19.22 28.05l-.35.11c.08.24.08.41 0 .52-.07.1-.22.18-.43.24l-9 2.75c-2.07.66-3.29 1.8-3.68 3.42-.38 1.62-.2 3.6.57 5.96.69 2.38 1.64 4.13 2.86 5.25 1.22 1.13 2.88 1.39 4.96.78l9-2.75c.21-.07.37-.08.49-.04s.21.17.27.38l.34-.1-1.24-4.05-.34.1c.06.2.06.34-.02.44-.07.1-.21.18-.42.24l-9.1 2.78c-1.09.33-1.98.18-2.65-.46-.68-.64-1.25-1.75-1.71-3.32-.5-1.56-.64-2.8-.44-3.71.2-.91.85-1.53 1.94-1.87l9.1-2.78c.21-.07.37-.08.49-.05.12.04.2.14.25.31l.34-.11-1.23-4.04zm2.87 28.81l-9.68 10.77c-.13.15-.25.27-.35.38-.1.11-.19.16-.25.17a.237.237 0 01-.2-.07.433.433 0 01-.09-.24l-.36.03.34 3.91.36-.03c-.02-.17.02-.29.11-.36s.25-.12.48-.14l13.83-1.21c.23-.02.39-.01.49.05.1.06.16.17.17.33l.36-.03-.31-3.6-.36.03c.02.15-.02.26-.11.34-.09.07-.25.11-.48.13l-10.08.88 9.11-10.19c.1-.12.19-.22.26-.31s.15-.14.25-.15c.09-.01.15.01.19.06.04.04.06.1.06.18l.36-.03-.38-4.4-.36.03c.02.15-.02.27-.11.34s-.25.12-.48.13l-13.83 1.21c-.23.02-.39.01-.49-.05-.1-.05-.16-.16-.17-.31l-.36.03.31 3.52.36-.03c-.02-.13.02-.23.11-.29.09-.07.25-.11.48-.13l10.82-.95zm3.87 24.37c.23 0 .39.05.48.14.09.09.13.27.12.53l.36.01.16-4.54-.36-.01c-.01.31-.06.52-.16.6-.1.09-.26.12-.49.1l-13.88-.49c-.23 0-.39-.04-.48-.14-.09-.09-.13-.3-.11-.61l-.36-.01-.16 4.54.36.01c0-.27.06-.44.16-.52.1-.08.26-.12.49-.1l13.87.49zm-.53 16.11c.29-1.91.19-3.64-.29-5.2s-1.26-2.84-2.35-3.84c-1.08-1-2.39-1.64-3.92-1.89-1.53-.23-2.97-.03-4.31.59-1.34.62-2.48 1.6-3.42 2.93s-1.57 2.95-1.88 4.85c-.29 1.91-.19 3.64.29 5.2s1.26 2.84 2.35 3.84c1.08 1.01 2.39 1.64 3.92 1.89 1.53.23 2.97.03 4.31-.59 1.34-.62 2.48-1.6 3.42-2.93s1.56-2.94 1.88-4.85m-2.52-.39c-.34 2-1.11 3.53-2.31 4.58-1.2 1.05-2.64 1.45-4.32 1.22-1.68-.3-2.92-1.13-3.74-2.49-.81-1.36-1.07-3.05-.78-5.07.34-2 1.11-3.53 2.31-4.58 1.2-1.05 2.64-1.45 4.32-1.22 1.68.3 2.92 1.13 3.74 2.5.82 1.36 1.08 3.04.78 5.06m-6.63 18.96l-13.42 5.43c-.18.07-.34.13-.48.18-.14.05-.24.06-.3.04a.232.232 0 01-.14-.15.401.401 0 01.02-.26l-.34-.13-1.41 3.66.34.13c.06-.16.14-.25.25-.27.11-.03.27 0 .49.09l12.97 4.98c.22.08.36.17.42.26.06.1.07.22 0 .37l.34.13 1.29-3.37-.34-.13c-.05.14-.13.23-.24.25-.11.02-.27-.01-.49-.09l-9.44-3.63 12.65-5.17c.14-.06.27-.12.37-.17.1-.05.2-.06.29-.03.08.03.13.08.15.13.01.06.01.12-.02.19l.34.13 1.58-4.12-.34-.13c-.05.14-.13.23-.24.25-.11.02-.27-.01-.49-.09l-12.97-4.98c-.22-.08-.36-.17-.42-.26s-.07-.21-.01-.35l-.34-.13-1.27 3.3.34.13c.04-.12.12-.19.23-.21.11-.02.27.01.49.1l10.14 3.92z" clip-path="url(#ls_v-label__ls_v-label__ls_v-label__ls_v-label__ls_v-label__ls_v-label__ls_v-label__ls_v-label__ls_v-label__ls_v-label__ls_v-label__ls_v-label__ls_v-label__ls_v-label__ls_v-label__ls_v-label__ls_v-label__ls_v-label__ls_v-label__ls_v-label__ls_ve-label__ls_ve-label__ls_ve-label__ls_vegan-label__ls_vegan-label__ls_vegan-label__ls_vegan-label__ls_vegan-label__ls_vegan-label__ls_vegan-label__ls_vegan-label__ls_vegan-label__ls_vegan-label__ls_vegan-label__SVGID_00000022551578401744591280000012594884464289933978_)" clip-rule="evenodd"></path><path fill="#008237" fill-rule="evenodd" d="M308.74 335.49l-2.99 1.21.14.33c.11-.04.21-.02.32.07.1.09.2.26.3.5l3.98 9.86-3.91 1.58-2.54-6.29c-.09-.24-.12-.43-.09-.56.03-.14.08-.22.16-.25l-.13-.33-3.04 1.23.14.33c.11-.05.21-.03.31.06.1.08.2.24.3.48l2.54 6.29-3.71 1.5-3.92-9.69c-.1-.25-.13-.45-.09-.59.04-.14.12-.24.24-.28l-.14-.33-3.08 1.25.14.33c.08-.04.18-.01.27.08.1.09.2.26.3.51l5.28 13.07.33-.13c-.07-.17-.08-.31-.02-.4.06-.09.2-.18.42-.26l12.88-5.2c.21-.09.37-.12.49-.1.11.02.2.12.27.3l.33-.14-5.35-13.23c-.1-.24-.15-.42-.15-.55 0-.13.05-.22.16-.26l-.14-.39zm-17.07-.83l.35-.08c-.05-.25-.04-.42.04-.51.08-.1.23-.16.45-.2l9.21-1.96c2.12-.48 3.44-1.51 3.96-3.09.52-1.58.51-3.57-.04-5.98-.48-2.43-1.28-4.26-2.4-5.49-1.12-1.23-2.74-1.63-4.87-1.21l-9.21 1.96c-.21.05-.38.05-.49-.01-.11-.05-.19-.19-.23-.4l-.35.08.88 4.14.35-.07c-.04-.2-.03-.35.06-.44.08-.09.23-.16.44-.2l9.31-1.98c1.12-.24 1.98-.01 2.6.69.62.7 1.09 1.85 1.42 3.46.36 1.6.39 2.84.11 3.73-.28.89-.98 1.45-2.1 1.69l-9.31 1.98c-.21.05-.38.05-.49 0-.11-.05-.18-.16-.22-.33l-.35.08.88 4.14zm-1.98-29.1l-.1-6.03c-.02-1.1.14-1.94.47-2.52.33-.58.84-.88 1.53-.9.69-.04 1.22.15 1.58.56.36.41.56 1.17.58 2.29l.11 6.53-4.17.07zm6.63-4.72l4.78-3.31c.23-.16.45-.32.67-.48.23-.16.41-.25.56-.27.06 0 .11.03.13.07.02.05.03.09.03.13l.36-.01-.08-4.73-.36.01c0 .2-.06.38-.16.54-.11.17-.25.31-.42.43l-5.58 4.05c-.17-1.33-.66-2.38-1.46-3.17-.8-.78-1.82-1.17-3.03-1.17-1.77.05-3.01.72-3.73 2.02-.72 1.3-1.04 3.14-.98 5.52l.15 8.84.36-.01c-.01-.23.04-.38.13-.45s.25-.11.49-.11l13.88-.24c.23-.01.39.02.49.09.1.07.14.22.14.45l.36-.01-.07-4.18h-.36c.01.19-.04.32-.13.38-.09.07-.26.1-.49.1l-5.62.1-.06-4.59zm-7.69-24.01c-.29 1.91-.19 3.64.29 5.2s1.26 2.84 2.35 3.84c1.08 1.01 2.39 1.64 3.92 1.89 1.53.23 2.97.03 4.31-.59 1.34-.62 2.48-1.6 3.42-2.93s1.57-2.95 1.88-4.85c.29-1.91.19-3.64-.29-5.2s-1.26-2.84-2.35-3.84c-1.08-1.01-2.39-1.64-3.92-1.89-1.53-.23-2.97-.03-4.31.59-1.34.62-2.48 1.6-3.42 2.93-.93 1.32-1.56 2.94-1.88 4.85m2.52.39c.34-2.01 1.11-3.53 2.31-4.58 1.2-1.05 2.64-1.45 4.32-1.22 1.68.3 2.92 1.13 3.74 2.49.81 1.37 1.07 3.05.78 5.07-.34 2.01-1.11 3.53-2.31 4.58-1.19 1.05-2.64 1.45-4.32 1.22-1.68-.3-2.92-1.13-3.74-2.49-.81-1.36-1.07-3.05-.78-5.07m13.52-23.52c.58-1.77.61-3.17.08-4.2-.53-1.03-1.43-1.75-2.7-2.17-1.52-.51-2.79-.46-3.8.17-1.01.63-1.79 1.76-2.35 3.41l-3.32 9.64.34.12c.07-.21.16-.32.27-.36.11-.03.27-.01.49.07l13.13 4.52c.22.07.36.15.43.25s.06.25-.01.45l.34.12 1.36-3.96-.34-.12c-.06.19-.15.3-.26.34-.11.03-.27.01-.49-.07l-5.36-1.85 2.19-6.36zm-8.48 4.17l1.97-5.73c.31-.95.67-1.56 1.09-1.83.41-.27.99-.28 1.72-.01.74.24 1.19.59 1.35 1.06.16.47.07 1.18-.27 2.11l-1.97 5.73-3.89-1.33zm26.23-23.72l-2.82-1.56-.17.32c.1.06.15.15.15.29 0 .14-.07.32-.19.55l-5.16 9.3-3.69-2.04 3.29-5.94c.13-.22.26-.37.38-.43s.22-.07.29-.03l.18-.32-2.86-1.59-.17.32c.1.05.15.15.15.28 0 .13-.06.31-.19.54l-3.29 5.94-3.5-1.94 5.07-9.14c.13-.24.27-.38.4-.44s.26-.06.37.01l.18-.32-2.91-1.61-.17.32c.08.04.12.13.11.26-.01.13-.08.32-.21.55l-6.83 12.32.32.17c.09-.17.19-.26.3-.27.11-.01.27.04.47.16l12.15 6.73c.21.11.33.21.38.31.05.1.03.23-.07.4l.32.17 6.92-12.48c.12-.23.24-.38.34-.47.1-.08.2-.1.3-.04l.16-.32zm3.83-5.42l-.28-.23c-.09.11-.18.18-.27.2-.09.02-.19-.01-.29-.09-.04-.02-.1-.11-.18-.26-.08-.15-.25-.46-.49-.94-.24-.47-.63-1.2-1.15-2.18l4.71-5.82c1.12.29 1.94.5 2.47.63.52.13.87.22 1.03.27.17.05.28.1.33.16.07.06.1.12.1.2 0 .07-.04.15-.11.23l.28.23 2.67-3.29-.28-.23c-.07.09-.19.13-.36.13-.17 0-.39-.04-.66-.12l-14.44-3.66c-.12-.03-.23-.05-.33-.07a.556.556 0 01-.26-.11.21.21 0 01-.08-.19c0-.08.03-.15.08-.21l-.28-.23-2.86 3.54.28.23c.05-.06.12-.09.2-.1.08-.01.14.01.18.04.08.07.14.15.19.23.05.09.09.18.14.27l6.47 12.8c.2.36.35.64.44.86.1.21.08.42-.07.62l.28.23 2.54-3.14zm-.65-10.02l-3.27 4.04-2.83-5.6 6.1 1.56zm6.87-14.6l14.37 1.76c.2.02.37.05.51.07.14.02.24.06.29.11.05.06.07.13.05.2-.02.07-.06.15-.14.21l.23.28 3-2.52-.23-.28c-.12.11-.24.15-.35.12-.11-.03-.24-.13-.39-.31l-8.93-10.64c-.15-.17-.23-.32-.24-.44-.01-.11.05-.22.18-.33l-.23-.28-2.77 2.32.23.28c.12-.1.23-.14.34-.1.11.03.24.14.38.31l6.5 7.75-13.57-1.61c-.16-.02-.29-.03-.4-.03-.11 0-.2-.04-.27-.12-.06-.07-.08-.13-.06-.19.01-.06.05-.11.11-.16l-.23-.28-3.38 2.84.23.28c.12-.1.23-.14.34-.1.11.03.24.14.38.31l8.93 10.64c.15.17.23.32.24.43.01.11-.04.22-.16.31l.23.28 2.71-2.27-.23-.28c-.1.09-.2.11-.3.07-.1-.04-.23-.14-.38-.32l-6.99-8.31zm35.96-27.98l.15.33c.1-.05.19-.07.29-.06.09 0 .16.04.2.12.04.13.07.58.08 1.34.02.76.03 1.6.05 2.52l.22 8.48-6.44-5.58c-.95-.81-1.68-1.42-2.17-1.82-.49-.41-.76-.65-.8-.72a.213.213 0 01.02-.23c.05-.07.13-.13.24-.18l-.15-.33-4.05 1.89.15.33c.26-.1.47-.1.63.01.17.11.32.23.45.35l11.29 9.63c.1.08.19.16.29.25.1.09.15.15.18.19.03.06.04.12.02.19s-.09.13-.22.19l.15.33 3.86-1.8-.15-.33c-.13.05-.24.07-.32.06-.08-.01-.13-.05-.17-.12a.542.542 0 01-.06-.25c0-.09-.01-.2-.02-.34l-.39-14.74c-.01-.24.02-.46.09-.65.07-.19.18-.33.34-.4l-.15-.33-3.61 1.67zm28.67 7.81l-.83-3.11-.35.09c.03.11 0 .22-.11.31-.1.09-.28.17-.53.24L385 184.22l-1.09-4.07 6.56-1.76c.25-.06.44-.07.57-.03.13.04.21.11.23.19l.35-.09-.85-3.16-.35.09c.03.11 0 .21-.09.3s-.27.17-.52.24l-6.56 1.76-1.04-3.87 10.1-2.71c.26-.07.46-.07.6-.02.14.06.22.15.25.28l.35-.09-.86-3.21-.35.09c.03.09-.01.18-.11.26-.1.08-.28.16-.54.23l-13.61 3.65.09.35c.18-.05.32-.04.4.03.08.07.16.22.21.45l3.59 13.41c.06.22.08.39.04.49-.04.11-.15.18-.33.23l.09.35 13.79-3.69c.25-.07.44-.09.57-.08.13.01.21.08.24.19l.37-.09zm17.13-5.61c-.3.25-.87.52-1.71.8s-1.74.48-2.71.58c-1.98.17-3.64-.15-4.97-.98-1.33-.83-2.1-2.17-2.31-4.05-.09-1.21.13-2.25.64-3.14.52-.89 1.24-1.59 2.17-2.11.93-.52 1.97-.83 3.12-.93 1.11-.08 2.08-.03 2.89.16.82.19 1.45.41 1.9.67.45.26.69.44.7.56.01.09.01.16 0 .21-.01.05-.01.09-.03.11l.32.15 1.56-3.63-.4-.12c-.1.09-.2.14-.3.16-.1 0-.32-.06-.67-.17-.35-.11-.79-.23-1.33-.36-.56-.14-1.23-.24-2.02-.31s-1.69-.06-2.7.02c-1.8.16-3.39.62-4.77 1.37-1.38.75-2.45 1.77-3.19 3.06-.74 1.29-1.04 2.81-.91 4.57.18 1.85.73 3.35 1.65 4.48.92 1.13 2.11 1.93 3.56 2.4 1.46.46 3.08.62 4.88.46 1.61-.15 3.1-.49 4.47-1.04 1.38-.55 2.55-1.26 3.52-2.13l-.03-.36a.484.484 0 01-.24-.16.6.6 0 01-.09-.31l-.38-4.33c-.02-.2-.01-.34.03-.43.04-.08.1-.15.21-.19l-.03-.36-7.12.62a.932.932 0 01-.5-.07.36.36 0 01-.21-.26l-.36.03.3 3.39.36-.03c-.01-.11.04-.22.15-.33.11-.11.27-.17.48-.2l3.84-.34.23 2.54zm23.46 4.53l.28-3.21-.36-.03c-.01.12-.08.2-.21.25-.13.05-.32.07-.58.04l-10.6-.93.37-4.2 6.76.59c.26.03.44.08.55.17.11.09.16.17.15.25l.36.03.29-3.26-.36-.03c-.01.12-.07.2-.19.25-.12.05-.31.07-.57.05l-6.76-.59.35-3.99 10.42.91c.27.03.46.09.57.19.11.1.16.21.14.35l.36.03.29-3.31-.36-.03c-.01.09-.07.16-.19.21-.12.05-.32.06-.59.04l-14.04-1.23-.03.36c.19.01.31.07.37.17s.07.26.05.49l-1.21 13.83c-.02.23-.06.39-.13.48-.07.09-.2.12-.39.1l-.03.36 14.22 1.24c.26.02.45.06.56.12.12.06.17.14.16.26l.35.04zm13.21 2.27c-.21-.05-.34-.13-.39-.24-.05-.11-.05-.28.01-.5l2.98-11.96 5 1.25c.25.06.43.12.53.19.1.07.14.16.1.29l.35.09.77-3.07-.35-.09c-.02.11-.1.18-.22.19-.12.02-.31 0-.56-.07l-13.07-3.26a1.78 1.78 0 01-.53-.2c-.1-.07-.14-.17-.1-.28l-.35-.09-.77 3.07.35.09c.03-.12.1-.19.23-.21.12-.01.31.01.56.08l5 1.25-2.98 11.96c-.05.23-.12.38-.21.45s-.24.09-.45.03l-.09.35 4.11 1.02.08-.34zm10.59 3.59l.14-.33a.533.533 0 01-.27-.2c-.05-.08-.05-.18 0-.3.01-.04.08-.12.2-.25.12-.12.37-.37.75-.74s.96-.95 1.75-1.74l6.94 2.81c.05 1.16.09 2 .11 2.54.03.54.04.89.04 1.07 0 .18-.02.29-.05.36-.04.08-.09.13-.16.15-.07.02-.16 0-.25-.04l-.14.33 3.93 1.59.14-.34c-.11-.04-.18-.14-.23-.3-.05-.16-.07-.38-.08-.67l-.72-14.88c-.01-.13-.02-.24-.03-.34-.01-.1 0-.19.03-.28.03-.07.09-.12.16-.14.08-.02.15-.02.23.01l.13-.33-4.22-1.7-.13.33c.07.03.12.09.15.16s.03.14.01.19c-.04.1-.1.18-.17.25l-.21.21-10.35 9.93c-.29.29-.52.52-.69.67-.17.16-.38.2-.61.12l-.13.33 3.73 1.53zm9.39-3.54l-4.82-1.95 4.53-4.34.29 6.29zm17.1 1.52l5.06 3.29c.92.6 1.53 1.2 1.83 1.79.3.6.26 1.19-.11 1.77-.36.59-.8.93-1.34 1-.54.07-1.28-.19-2.22-.8l-5.48-3.56 2.26-3.49zm.21 8.13l.07 5.81c.01.28.02.55.02.83.01.28-.02.48-.09.61-.04.05-.08.07-.13.07a.295.295 0 01-.13-.05l-.2.3 3.97 2.58.2-.3c-.16-.11-.28-.26-.36-.44-.08-.18-.12-.38-.12-.59l-.24-6.89c1.2.6 2.35.79 3.45.56 1.1-.23 1.99-.85 2.67-1.86.95-1.49 1.09-2.9.41-4.22-.68-1.32-2.02-2.62-4.03-3.9l-7.41-4.81-.2.3c.19.12.29.24.3.36.01.12-.05.27-.18.46l-7.56 11.65c-.12.2-.24.32-.35.36-.11.04-.26 0-.45-.13l-.2.3 3.51 2.28.2-.3c-.16-.1-.24-.21-.24-.32 0-.11.06-.27.19-.46l3.06-4.71 3.84 2.51zm18.91 3.97c.14-.18.28-.28.41-.3.13-.02.29.06.49.23l.23-.28-3.48-2.92-.23.28c.24.2.37.37.38.5.01.13-.07.28-.22.45l-8.93 10.64c-.14.18-.28.28-.41.3-.13.01-.31-.08-.55-.29l-.23.28 3.48 2.92.23-.28c-.21-.17-.31-.32-.32-.44-.01-.13.07-.28.22-.45l8.93-10.64zm-3.8 16.63l.26-.25c-.1-.1-.15-.2-.16-.3-.01-.09.03-.19.13-.27.03-.03.12-.08.28-.14.16-.06.49-.18.99-.35.5-.18 1.28-.45 2.32-.83l5.11 5.48c-.45 1.07-.77 1.85-.97 2.35-.2.5-.34.83-.41.98-.07.16-.14.26-.2.31-.07.06-.14.08-.21.07a.43.43 0 01-.21-.14l-.26.25 2.89 3.1.26-.25c-.08-.08-.11-.21-.08-.37s.09-.38.21-.64l5.63-13.79c.05-.12.08-.23.12-.32.03-.1.08-.18.14-.24.06-.05.13-.07.2-.06.08.01.14.05.2.11l.26-.25-3.1-3.33-.26.25c.05.06.07.13.07.21 0 .08-.03.14-.06.18-.08.07-.16.12-.26.16-.1.04-.19.07-.28.1l-13.57 4.62c-.38.15-.69.25-.91.32-.22.07-.42.02-.6-.15l-.27.25 2.74 2.94zm10.01.75l-3.55-3.8 5.94-2.02-2.39 5.82zm13.58 8.78l-3.74 13.99c-.05.19-.1.35-.14.5-.04.14-.09.23-.15.27-.07.04-.14.05-.21.02a.382.382 0 01-.19-.17l-.3.19 2.08 3.33.3-.19c-.09-.14-.11-.26-.07-.37.05-.11.17-.22.36-.34l11.78-7.36c.19-.12.35-.18.46-.18.11.01.21.08.3.22l.31-.19-1.91-3.06-.31.19c.08.13.1.25.06.35-.05.1-.17.21-.37.33l-8.58 5.36 3.49-13.22c.04-.15.07-.28.09-.39.02-.11.07-.19.15-.25.08-.05.14-.06.2-.04.05.02.1.07.14.13l.31-.19-2.34-3.75-.31.19c.09.13.1.24.06.35-.05.1-.17.21-.37.34l-11.78 7.36c-.19.12-.35.18-.46.18-.11 0-.21-.07-.29-.2l-.3.19 1.87 3 .3-.19c-.07-.11-.08-.21-.03-.31s.17-.21.37-.33l9.22-5.76zm19.22 28.05l-.35.11c.08.24.08.41 0 .52-.07.1-.22.18-.43.24l-9 2.75c-2.07.66-3.29 1.8-3.68 3.42-.38 1.62-.2 3.6.57 5.96.69 2.38 1.64 4.13 2.86 5.25 1.22 1.13 2.88 1.39 4.96.78l9-2.75c.21-.07.37-.08.49-.04s.21.17.27.38l.34-.1-1.24-4.05-.34.1c.06.2.06.34-.02.44-.07.1-.21.18-.42.24l-9.1 2.78c-1.09.33-1.98.18-2.65-.46-.68-.64-1.25-1.75-1.71-3.32-.5-1.56-.64-2.8-.44-3.71.2-.91.85-1.53 1.94-1.87l9.1-2.78c.21-.07.37-.08.49-.05.12.04.2.14.25.31l.34-.11-1.23-4.04zm2.87 28.81l-9.68 10.77c-.13.15-.25.27-.35.38-.1.11-.19.16-.25.17a.237.237 0 01-.2-.07.433.433 0 01-.09-.24l-.36.03.34 3.91.36-.03c-.02-.17.02-.29.11-.36s.25-.12.48-.14l13.83-1.21c.23-.02.39-.01.49.05.1.06.16.17.17.33l.36-.03-.31-3.6-.36.03c.02.15-.02.26-.11.34-.09.07-.25.11-.48.13l-10.08.88 9.11-10.19c.1-.12.19-.22.26-.31s.15-.14.25-.15c.09-.01.15.01.19.06.04.04.06.1.06.18l.36-.03-.38-4.4-.36.03c.02.15-.02.27-.11.34s-.25.12-.48.13l-13.83 1.21c-.23.02-.39.01-.49-.05-.1-.05-.16-.16-.17-.31l-.36.03.31 3.52.36-.03c-.02-.13.02-.23.11-.29.09-.07.25-.11.48-.13l10.82-.95zm3.87 24.37c.23 0 .39.05.48.14.09.09.13.27.12.53l.36.01.16-4.54-.36-.01c-.01.31-.06.52-.16.6-.1.09-.26.12-.49.1l-13.88-.49c-.23 0-.39-.04-.48-.14-.09-.09-.13-.3-.11-.61l-.36-.01-.16 4.54.36.01c0-.27.06-.44.16-.52.1-.08.26-.12.49-.1l13.87.49zm-.53 16.11c.29-1.91.19-3.64-.29-5.2s-1.26-2.84-2.35-3.84c-1.08-1-2.39-1.64-3.92-1.89-1.53-.23-2.97-.03-4.31.59-1.34.62-2.48 1.6-3.42 2.93s-1.57 2.95-1.88 4.85c-.29 1.91-.19 3.64.29 5.2s1.26 2.84 2.35 3.84c1.08 1.01 2.39 1.64 3.92 1.89 1.53.23 2.97.03 4.31-.59 1.34-.62 2.48-1.6 3.42-2.93s1.56-2.94 1.88-4.85m-2.52-.39c-.34 2-1.11 3.53-2.31 4.58-1.2 1.05-2.64 1.45-4.32 1.22-1.68-.3-2.92-1.13-3.74-2.49-.81-1.36-1.07-3.05-.78-5.07.34-2 1.11-3.53 2.31-4.58 1.2-1.05 2.64-1.45 4.32-1.22 1.68.3 2.92 1.13 3.74 2.5.82 1.36 1.08 3.04.78 5.06m-6.63 18.96l-13.42 5.43c-.18.07-.34.13-.48.18-.14.05-.24.06-.3.04a.232.232 0 01-.14-.15.401.401 0 01.02-.26l-.34-.13-1.41 3.66.34.13c.06-.16.14-.25.25-.27.11-.03.27 0 .49.09l12.97 4.98c.22.08.36.17.42.26.06.1.07.22 0 .37l.34.13 1.29-3.37-.34-.13c-.05.14-.13.23-.24.25-.11.02-.27-.01-.49-.09l-9.44-3.63 12.65-5.17c.14-.06.27-.12.37-.17.1-.05.2-.06.29-.03.08.03.13.08.15.13.01.06.01.12-.02.19l.34.13 1.58-4.12-.34-.13c-.05.14-.13.23-.24.25-.11.02-.27-.01-.49-.09l-12.97-4.98c-.22-.08-.36-.17-.42-.26s-.07-.21-.01-.35l-.34-.13-1.27 3.3.34.13c.04-.12.12-.19.23-.21.11-.02.27.01.49.1l10.14 3.92zm-226.05 24.37a3.54 3.54 0 010 7.08c-1.95 0-3.54-1.59-3.54-3.54 0-1.96 1.58-3.54 3.54-3.54m206.57-.16a3.54 3.54 0 11-3.54 3.54c-.01-1.95 1.58-3.54 3.54-3.54" clip-path="url(#ls_v-label__ls_v-label__ls_v-label__ls_v-label__ls_v-label__ls_v-label__ls_v-label__ls_v-label__ls_v-label__ls_v-label__ls_v-label__ls_v-label__ls_v-label__ls_v-label__ls_v-label__ls_v-label__ls_v-label__ls_v-label__ls_v-label__ls_v-label__ls_ve-label__ls_ve-label__ls_ve-label__ls_vegan-label__ls_vegan-label__ls_vegan-label__ls_vegan-label__ls_vegan-label__ls_vegan-label__ls_vegan-label__ls_vegan-label__ls_vegan-label__ls_vegan-label__ls_vegan-label__SVGID_00000022551578401744591280000012594884464289933978_)" clip-rule="evenodd"></path><g clip-path="url(#ls_v-label__ls_v-label__ls_v-label__ls_v-label__ls_v-label__ls_v-label__ls_v-label__ls_v-label__ls_v-label__ls_v-label__ls_v-label__ls_v-label__ls_v-label__ls_v-label__ls_v-label__ls_v-label__ls_v-label__ls_v-label__ls_v-label__ls_v-label__ls_ve-label__ls_ve-label__ls_ve-label__ls_vegan-label__ls_vegan-label__ls_vegan-label__ls_vegan-label__ls_vegan-label__ls_vegan-label__ls_vegan-label__ls_vegan-label__ls_vegan-label__ls_vegan-label__ls_vegan-label__SVGID_00000022551578401744591280000012594884464289933978_)"><path d="M334.91 378.01l5.37 4.95-.32.34c-.23-.21-.71-.66-.97-.37-.29.32-3.59 8.62-4.19 9.67l.06.05c3.24-1.52 9.46-4.33 9.69-4.59.26-.29-.22-.73-.39-.89l.32-.34 4.74 4.37-.32.34c-.34-.26-.62-.36-.97-.15-1.48.86-14.39 6.78-14.61 7.01-.29.32-.11.8.17 1.01l-.32.34-5.99-5.52.32-.34c.23.26.73.41 1.02.09.11-.11 6.57-14.42 6.41-15.04-.1-.35-.21-.46-.35-.59l.33-.34z" class="ls_v-label__ls_v-label__ls_v-label__ls_v-label__ls_v-label__ls_v-label__ls_v-label__ls_v-label__ls_v-label__ls_v-label__ls_v-label__ls_v-label__ls_v-label__ls_v-label__ls_v-label__ls_v-label__ls_v-label__ls_v-label__ls_v-label__ls_v-label__ls_ve-label__ls_ve-label__ls_ve-label__ls_vegan-label__ls_vegan-label__ls_vegan-label__ls_vegan-label__ls_vegan-label__ls_vegan-label__ls_vegan-label__ls_vegan-label__ls_vegan-label__ls_vegan-label__ls_vegan-label__st3"></path></g><g clip-path="url(#ls_v-label__ls_v-label__ls_v-label__ls_v-label__ls_v-label__ls_v-label__ls_v-label__ls_v-label__ls_v-label__ls_v-label__ls_v-label__ls_v-label__ls_v-label__ls_v-label__ls_v-label__ls_v-label__ls_v-label__ls_v-label__ls_v-label__ls_v-label__ls_ve-label__ls_ve-label__ls_ve-label__ls_vegan-label__ls_vegan-label__ls_vegan-label__ls_vegan-label__ls_vegan-label__ls_vegan-label__ls_vegan-label__ls_vegan-label__ls_vegan-label__ls_vegan-label__ls_vegan-label__SVGID_00000022551578401744591280000012594884464289933978_)"><path d="M343.97 400.58l2.63-3.78 8.31 5.77-2.63 3.78-8.31-5.77z" class="ls_v-label__ls_v-label__ls_v-label__ls_v-label__ls_v-label__ls_v-label__ls_v-label__ls_v-label__ls_v-label__ls_v-label__ls_v-label__ls_v-label__ls_v-label__ls_v-label__ls_v-label__ls_v-label__ls_v-label__ls_v-label__ls_v-label__ls_v-label__ls_ve-label__ls_ve-label__ls_ve-label__ls_vegan-label__ls_vegan-label__ls_vegan-label__ls_vegan-label__ls_vegan-label__ls_vegan-label__ls_vegan-label__ls_vegan-label__ls_vegan-label__ls_vegan-label__ls_vegan-label__st3"></path></g><g clip-path="url(#ls_v-label__ls_v-label__ls_v-label__ls_v-label__ls_v-label__ls_v-label__ls_v-label__ls_v-label__ls_v-label__ls_v-label__ls_v-label__ls_v-label__ls_v-label__ls_v-label__ls_v-label__ls_v-label__ls_v-label__ls_v-label__ls_v-label__ls_v-label__ls_ve-label__ls_ve-label__ls_ve-label__ls_vegan-label__ls_vegan-label__ls_vegan-label__ls_vegan-label__ls_vegan-label__ls_vegan-label__ls_vegan-label__ls_vegan-label__ls_vegan-label__ls_vegan-label__ls_vegan-label__SVGID_00000022551578401744591280000012594884464289933978_)"><path d="M360.78 400.25c.25-.49-.11-.8-.61-1.1l.21-.42 6.44 3.27-.21.42c-.5-.21-.97-.32-1.21.17l-5.44 10.71 9.43 4.79c.28.14.69.18 1.06-.55l.41.21-2.68 5.29-.41-.21c.37-.73.1-1.04-.18-1.18l-14.98-7.61.21-.42c.53.23 1 .33 1.25-.15l6.71-13.22z" class="ls_v-label__ls_v-label__ls_v-label__ls_v-label__ls_v-label__ls_v-label__ls_v-label__ls_v-label__ls_v-label__ls_v-label__ls_v-label__ls_v-label__ls_v-label__ls_v-label__ls_v-label__ls_v-label__ls_v-label__ls_v-label__ls_v-label__ls_v-label__ls_ve-label__ls_ve-label__ls_ve-label__ls_vegan-label__ls_vegan-label__ls_vegan-label__ls_vegan-label__ls_vegan-label__ls_vegan-label__ls_vegan-label__ls_vegan-label__ls_vegan-label__ls_vegan-label__ls_vegan-label__st3"></path></g><g clip-path="url(#ls_v-label__ls_v-label__ls_v-label__ls_v-label__ls_v-label__ls_v-label__ls_v-label__ls_v-label__ls_v-label__ls_v-label__ls_v-label__ls_v-label__ls_v-label__ls_v-label__ls_v-label__ls_v-label__ls_v-label__ls_v-label__ls_v-label__ls_v-label__ls_ve-label__ls_ve-label__ls_ve-label__ls_vegan-label__ls_vegan-label__ls_vegan-label__ls_vegan-label__ls_vegan-label__ls_vegan-label__ls_vegan-label__ls_vegan-label__ls_vegan-label__ls_vegan-label__ls_vegan-label__SVGID_00000022551578401744591280000012594884464289933978_)"><path d="M387.43 428.27l.13-.45c.15.04.48.14.58-.2.12-.41-.27-2.11-.33-2.86l-8.6-2.51c-.42.61-1.7 1.82-1.82 2.23-.1.34.23.44.38.48l-.13.45-5.56-1.63.13-.45c.3.09.66.07.85-.16 5.01-6.13 10.59-12.42 10.75-12.95.08-.26-.01-.37-.37-.52l.13-.45 7.75 2.27-.13.45c-.38-.07-.51-.03-.59.23-.13.45 1.98 12.49 2.48 16.82.04.29.34.5.63.59l-.13.45-6.15-1.79zm-.1-6.57l-1.2-7.46-4.96 5.66 6.16 1.8z" class="ls_v-label__ls_v-label__ls_v-label__ls_v-label__ls_v-label__ls_v-label__ls_v-label__ls_v-label__ls_v-label__ls_v-label__ls_v-label__ls_v-label__ls_v-label__ls_v-label__ls_v-label__ls_v-label__ls_v-label__ls_v-label__ls_v-label__ls_v-label__ls_ve-label__ls_ve-label__ls_ve-label__ls_vegan-label__ls_vegan-label__ls_vegan-label__ls_vegan-label__ls_vegan-label__ls_vegan-label__ls_vegan-label__ls_vegan-label__ls_vegan-label__ls_vegan-label__ls_vegan-label__st3"></path></g><g clip-path="url(#ls_v-label__ls_v-label__ls_v-label__ls_v-label__ls_v-label__ls_v-label__ls_v-label__ls_v-label__ls_v-label__ls_v-label__ls_v-label__ls_v-label__ls_v-label__ls_v-label__ls_v-label__ls_v-label__ls_v-label__ls_v-label__ls_v-label__ls_v-label__ls_ve-label__ls_ve-label__ls_ve-label__ls_vegan-label__ls_vegan-label__ls_vegan-label__ls_vegan-label__ls_vegan-label__ls_vegan-label__ls_vegan-label__ls_vegan-label__ls_vegan-label__ls_vegan-label__ls_vegan-label__SVGID_00000022551578401744591280000012594884464289933978_)"><path d="M401.91 415.16c.05-.54-.4-.7-1.16-.81l.04-.47 11.57 1.08c4.61.43 6.39 1.38 6.06 4.84-.15 1.63-1.44 2.96-2.89 3.49 1.98.85 2.94 2.19 2.73 4.45-.28 3.03-2.5 4.78-7.35 4.33l-11.73-1.1.04-.47c.77.03 1.24-.04 1.29-.59l1.4-14.75zm3.97 13.14l4.19.39c1.77.17 3.24-.25 3.39-1.8.2-2.1-1.5-2.25-3-2.4l-4.19-.39-.39 4.2zm.64-6.83l4.58.43c2 .19 2.62-.62 2.71-1.63.15-1.55-.67-1.94-2.36-2.1l-4.58-.43-.35 3.73z" class="ls_v-label__ls_v-label__ls_v-label__ls_v-label__ls_v-label__ls_v-label__ls_v-label__ls_v-label__ls_v-label__ls_v-label__ls_v-label__ls_v-label__ls_v-label__ls_v-label__ls_v-label__ls_v-label__ls_v-label__ls_v-label__ls_v-label__ls_v-label__ls_ve-label__ls_ve-label__ls_ve-label__ls_vegan-label__ls_vegan-label__ls_vegan-label__ls_vegan-label__ls_vegan-label__ls_vegan-label__ls_vegan-label__ls_vegan-label__ls_vegan-label__ls_vegan-label__ls_vegan-label__st3"></path></g><g clip-path="url(#ls_v-label__ls_v-label__ls_v-label__ls_v-label__ls_v-label__ls_v-label__ls_v-label__ls_v-label__ls_v-label__ls_v-label__ls_v-label__ls_v-label__ls_v-label__ls_v-label__ls_v-label__ls_v-label__ls_v-label__ls_v-label__ls_v-label__ls_v-label__ls_ve-label__ls_ve-label__ls_ve-label__ls_vegan-label__ls_vegan-label__ls_vegan-label__ls_vegan-label__ls_vegan-label__ls_vegan-label__ls_vegan-label__ls_vegan-label__ls_vegan-label__ls_vegan-label__ls_vegan-label__SVGID_00000022551578401744591280000012594884464289933978_)"><path d="M440.08 427.74c.46-.04.82-.35.92-1.06l.46-.04.45 5.21-.38.03c-.33-.68-.53-.78-1.15-.72l-17.16 1.48-.04-.47c.54-.08 1.06-.25 1.02-.79l-1.27-14.77c-.05-.54-.6-.61-1.14-.61l-.04-.47 17.47-1.5c.31-.03.68-.22.62-.92l.46-.04.45 5.21-.46.04c-.07-.78-.46-.9-.77-.87l-11.24.97.27 3.15 7.23-.62c.31-.03.68-.22.62-.95l.46-.04.44 5.05-.46.04c-.06-.74-.46-.86-.77-.83l-7.23.62.33 3.85 10.91-.95z" class="ls_v-label__ls_v-label__ls_v-label__ls_v-label__ls_v-label__ls_v-label__ls_v-label__ls_v-label__ls_v-label__ls_v-label__ls_v-label__ls_v-label__ls_v-label__ls_v-label__ls_v-label__ls_v-label__ls_v-label__ls_v-label__ls_v-label__ls_v-label__ls_ve-label__ls_ve-label__ls_ve-label__ls_vegan-label__ls_vegan-label__ls_vegan-label__ls_vegan-label__ls_vegan-label__ls_vegan-label__ls_vegan-label__ls_vegan-label__ls_vegan-label__ls_vegan-label__ls_vegan-label__st3"></path></g><g clip-path="url(#ls_v-label__ls_v-label__ls_v-label__ls_v-label__ls_v-label__ls_v-label__ls_v-label__ls_v-label__ls_v-label__ls_v-label__ls_v-label__ls_v-label__ls_v-label__ls_v-label__ls_v-label__ls_v-label__ls_v-label__ls_v-label__ls_v-label__ls_v-label__ls_ve-label__ls_ve-label__ls_ve-label__ls_vegan-label__ls_vegan-label__ls_vegan-label__ls_vegan-label__ls_vegan-label__ls_vegan-label__ls_vegan-label__ls_vegan-label__ls_vegan-label__ls_vegan-label__ls_vegan-label__SVGID_00000022551578401744591280000012594884464289933978_)"><path d="M444.46 414.23c-.14-.53-.62-.52-1.19-.41l-.12-.45 6.98-1.87.12.45c-.51.18-.93.41-.79.94l3.11 11.6 10.22-2.74c.3-.08.63-.33.42-1.12l.45-.12 1.53 5.73-.45.12c-.21-.79-.62-.84-.92-.76l-16.23 4.34-.12-.45c.55-.19.97-.42.83-.95l-3.84-14.31z" class="ls_v-label__ls_v-label__ls_v-label__ls_v-label__ls_v-label__ls_v-label__ls_v-label__ls_v-label__ls_v-label__ls_v-label__ls_v-label__ls_v-label__ls_v-label__ls_v-label__ls_v-label__ls_v-label__ls_v-label__ls_v-label__ls_v-label__ls_v-label__ls_ve-label__ls_ve-label__ls_ve-label__ls_vegan-label__ls_vegan-label__ls_vegan-label__ls_vegan-label__ls_vegan-label__ls_vegan-label__ls_vegan-label__ls_vegan-label__ls_vegan-label__ls_vegan-label__ls_vegan-label__st3"></path></g><g clip-path="url(#ls_v-label__ls_v-label__ls_v-label__ls_v-label__ls_v-label__ls_v-label__ls_v-label__ls_v-label__ls_v-label__ls_v-label__ls_v-label__ls_v-label__ls_v-label__ls_v-label__ls_v-label__ls_v-label__ls_v-label__ls_v-label__ls_v-label__ls_v-label__ls_ve-label__ls_ve-label__ls_ve-label__ls_vegan-label__ls_vegan-label__ls_vegan-label__ls_vegan-label__ls_vegan-label__ls_vegan-label__ls_vegan-label__ls_vegan-label__ls_vegan-label__ls_vegan-label__ls_vegan-label__SVGID_00000022551578401744591280000012594884464289933978_)"><path d="M474.13 418.3c.65 1.55-.1 3.38-1.63 4.02-1.53.64-3.36-.12-4-1.67-.65-1.55.1-3.38 1.63-4.02 1.53-.64 3.36.12 4 1.67z" class="ls_v-label__ls_v-label__ls_v-label__ls_v-label__ls_v-label__ls_v-label__ls_v-label__ls_v-label__ls_v-label__ls_v-label__ls_v-label__ls_v-label__ls_v-label__ls_v-label__ls_v-label__ls_v-label__ls_v-label__ls_v-label__ls_v-label__ls_v-label__ls_ve-label__ls_ve-label__ls_ve-label__ls_vegan-label__ls_vegan-label__ls_vegan-label__ls_vegan-label__ls_vegan-label__ls_vegan-label__ls_vegan-label__ls_vegan-label__ls_vegan-label__ls_vegan-label__ls_vegan-label__st3"></path></g><g clip-path="url(#ls_v-label__ls_v-label__ls_v-label__ls_v-label__ls_v-label__ls_v-label__ls_v-label__ls_v-label__ls_v-label__ls_v-label__ls_v-label__ls_v-label__ls_v-label__ls_v-label__ls_v-label__ls_v-label__ls_v-label__ls_v-label__ls_v-label__ls_v-label__ls_ve-label__ls_ve-label__ls_ve-label__ls_vegan-label__ls_vegan-label__ls_vegan-label__ls_vegan-label__ls_vegan-label__ls_vegan-label__ls_vegan-label__ls_vegan-label__ls_vegan-label__ls_vegan-label__ls_vegan-label__SVGID_00000022551578401744591280000012594884464289933978_)"><path d="M493.97 406.83c.4-.24.59-.67.36-1.35l.4-.24 2.67 4.49-.33.2c-.59-.46-.82-.47-1.35-.15l-14.8 8.81-.24-.4c.45-.31.85-.69.57-1.16l-7.58-12.73c-.28-.47-.8-.29-1.29-.05l-.24-.4 15.06-8.97c.27-.16.52-.49.16-1.09l.4-.24 2.67 4.49-.4.24c-.4-.67-.81-.61-1.08-.45l-9.69 5.77 1.62 2.71 6.24-3.71c.26-.16.52-.49.14-1.13l.4-.24 2.59 4.36-.4.24c-.38-.64-.79-.57-1.06-.41l-6.24 3.71 1.97 3.32 9.45-5.62z" class="ls_v-label__ls_v-label__ls_v-label__ls_v-label__ls_v-label__ls_v-label__ls_v-label__ls_v-label__ls_v-label__ls_v-label__ls_v-label__ls_v-label__ls_v-label__ls_v-label__ls_v-label__ls_v-label__ls_v-label__ls_v-label__ls_v-label__ls_v-label__ls_ve-label__ls_ve-label__ls_ve-label__ls_vegan-label__ls_vegan-label__ls_vegan-label__ls_vegan-label__ls_vegan-label__ls_vegan-label__ls_vegan-label__ls_vegan-label__ls_vegan-label__ls_vegan-label__ls_vegan-label__st3"></path></g><g clip-path="url(#ls_v-label__ls_v-label__ls_v-label__ls_v-label__ls_v-label__ls_v-label__ls_v-label__ls_v-label__ls_v-label__ls_v-label__ls_v-label__ls_v-label__ls_v-label__ls_v-label__ls_v-label__ls_v-label__ls_v-label__ls_v-label__ls_v-label__ls_v-label__ls_ve-label__ls_ve-label__ls_ve-label__ls_vegan-label__ls_vegan-label__ls_vegan-label__ls_vegan-label__ls_vegan-label__ls_vegan-label__ls_vegan-label__ls_vegan-label__ls_vegan-label__ls_vegan-label__ls_vegan-label__SVGID_00000022551578401744591280000012594884464289933978_)"><path d="M492.26 392.75c-.37-.41-.82-.16-1.3.23l-.31-.35 5.17-4.65.31.35c-.15.18-.38.55-.02.96l6.34 7.04c1.33 1.48 3.06.97 4.72-.53 1.67-1.5 2.35-3.16 1.02-4.64l-6.34-7.04c-.37-.41-.76-.21-.96-.08l-.31-.35 5.17-4.65.31.35c-.43.44-.73.86-.36 1.27l5.74 6.38c2.77 3.07 3.45 7.18-1.6 11.73-5.05 4.55-9.07 3.44-11.83.36l-5.75-6.38z" class="ls_v-label__ls_v-label__ls_v-label__ls_v-label__ls_v-label__ls_v-label__ls_v-label__ls_v-label__ls_v-label__ls_v-label__ls_v-label__ls_v-label__ls_v-label__ls_v-label__ls_v-label__ls_v-label__ls_v-label__ls_v-label__ls_v-label__ls_v-label__ls_ve-label__ls_ve-label__ls_ve-label__ls_vegan-label__ls_vegan-label__ls_vegan-label__ls_vegan-label__ls_vegan-label__ls_vegan-label__ls_vegan-label__ls_vegan-label__ls_vegan-label__ls_vegan-label__ls_vegan-label__st3"></path></g><g clip-path="url(#ls_v-label__ls_v-label__ls_v-label__ls_v-label__ls_v-label__ls_v-label__ls_v-label__ls_v-label__ls_v-label__ls_v-label__ls_v-label__ls_v-label__ls_v-label__ls_v-label__ls_v-label__ls_v-label__ls_v-label__ls_v-label__ls_v-label__ls_v-label__ls_ve-label__ls_ve-label__ls_ve-label__ls_vegan-label__ls_vegan-label__ls_vegan-label__ls_vegan-label__ls_vegan-label__ls_vegan-label__ls_vegan-label__ls_vegan-label__ls_vegan-label__ls_vegan-label__ls_vegan-label__SVGID_00000022551578401744591280000012594884464289933978_)"><path d="M437.41 383.52c5.64 0 10.02 4.38 10.02 9.84 0 5.58-4.38 9.9-10.08 9.9-5.64 0-10.14-4.32-10.14-9.9 0-5.46 4.5-9.84 10.14-9.84h.06zm-.12 1.98c-4.32 0-7.56 3.54-7.56 7.86 0 4.38 3.24 7.86 7.68 7.86 4.32.06 7.5-3.48 7.5-7.86 0-4.32-3.18-7.86-7.56-7.86h-.06zm-1.5 12.96h-2.28v-9.78c.9-.18 2.16-.36 3.78-.36 1.86 0 2.7.3 3.42.78.54.42.96 1.2.96 2.1 0 1.14-.84 1.98-2.04 2.34v.12c.96.3 1.5 1.08 1.8 2.4.3 1.5.48 2.1.72 2.4h-2.46c-.3-.36-.48-1.2-.78-2.34-.18-1.08-.78-1.56-2.04-1.56h-1.08v3.9zm.06-5.52h1.08c1.26 0 2.28-.42 2.28-1.44 0-.9-.66-1.5-2.1-1.5-.6 0-1.02.06-1.26.12v2.82z" class="ls_v-label__ls_v-label__ls_v-label__ls_v-label__ls_v-label__ls_v-label__ls_v-label__ls_v-label__ls_v-label__ls_v-label__ls_v-label__ls_v-label__ls_v-label__ls_v-label__ls_v-label__ls_v-label__ls_v-label__ls_v-label__ls_v-label__ls_v-label__ls_ve-label__ls_ve-label__ls_ve-label__ls_vegan-label__ls_vegan-label__ls_vegan-label__ls_vegan-label__ls_vegan-label__ls_vegan-label__ls_vegan-label__ls_vegan-label__ls_vegan-label__ls_vegan-label__ls_vegan-label__st3"></path></g><path fill="#ffed00" fill-rule="evenodd" d="M275.96 450.39h283.53v59.65H275.96z" clip-path="url(#ls_v-label__ls_v-label__ls_v-label__ls_v-label__ls_v-label__ls_v-label__ls_v-label__ls_v-label__ls_v-label__ls_v-label__ls_v-label__ls_v-label__ls_v-label__ls_v-label__ls_v-label__ls_v-label__ls_v-label__ls_v-label__ls_v-label__ls_v-label__ls_ve-label__ls_ve-label__ls_ve-label__ls_vegan-label__ls_vegan-label__ls_vegan-label__ls_vegan-label__ls_vegan-label__ls_vegan-label__ls_vegan-label__ls_vegan-label__ls_vegan-label__ls_vegan-label__ls_vegan-label__SVGID_00000022551578401744591280000012594884464289933978_)" clip-rule="evenodd"></path><g clip-path="url(#ls_v-label__ls_v-label__ls_v-label__ls_v-label__ls_v-label__ls_v-label__ls_v-label__ls_v-label__ls_v-label__ls_v-label__ls_v-label__ls_v-label__ls_v-label__ls_v-label__ls_v-label__ls_v-label__ls_v-label__ls_v-label__ls_v-label__ls_v-label__ls_ve-label__ls_ve-label__ls_ve-label__ls_vegan-label__ls_vegan-label__ls_vegan-label__ls_vegan-label__ls_vegan-label__ls_vegan-label__ls_vegan-label__ls_vegan-label__ls_vegan-label__ls_vegan-label__ls_vegan-label__SVGID_00000022551578401744591280000012594884464289933978_)"><path d="M295.39 501.57v-.95c.95-.16 1.19-.4 1.19-.71 0-.71-14.18-32.71-15.92-36.83-.71-1.74-1.03-2.14-1.82-2.22v-.95h16.23v.95c-1.27.08-1.58.4-1.58.95 0 .63 1.19 2.53 11.09 24.07 9.42-20.91 10.69-23.2 10.69-24.15 0-.55-.24-.79-1.19-.87v-.95h13.62v.95c-.63.16-.95.32-1.19 1.03-.79 2.53-15.92 36.83-15.92 37.93 0 .4.4.71 1.11.71v1.03h-16.31zm72.86-15.21h-.95c-.24-1.03-.79-1.82-2.38-1.82h-14.73v7.37h25.42c.87 0 1.19-.4 1.43-2.38h.95v13.78h-.95c-.24-1.35-.55-1.74-1.43-1.74h-39.52v-.95c1.98-.16 2.22-.71 2.22-1.43v-36.9c0-.71-.24-1.27-2.22-1.42v-.95h39.52c.87 0 1.19-.4 1.43-2.22h.95v13.78h-.95c-.24-1.82-.55-2.22-1.43-2.22h-25.42v6.57h14.73c1.58 0 2.14-.79 2.38-1.82h.95v12.35zm55.59.08h-10.22c-.87 0-1.11.63-1.19 1.58h-.95v-11.09h.95c.08 1.03.32 1.43 1.19 1.43h23.36v.95c-.95.08-1.27.47-1.27 1.35v13.15c0 .71.16 1.35.95 1.35h.4v.95c-7.13 3.96-15.76 5.94-25.5 5.94-13.23 0-25.74-6.97-25.74-21.3 0-14.33 12.51-21.3 25.74-21.3 5.23 0 7.52.4 12.91 1.9 2.61.71 5.15 2.06 5.78 2.06.48 0 .87-.32 1.11-.63l.95.32-5.15 10.45-.95-.55c.08-.16.16-.47.16-.87 0-1.5-7.84-3.8-14.41-3.8-7.52 0-14.41 4.04-14.41 12.59s8.32 12.27 15.21 12.27c4.36 0 7.84-.55 11.09-1.5v-5.25zm34.22 6.1c-2.06 5.78-2.53 6.81-2.53 7.29 0 .48.32.79 1.42.79v.95h-14.02v-.95c1.11-.24 1.58-.55 2.06-1.82.71-1.82 14.1-36.67 14.1-37.14 0-.55-.87-.71-1.58-.79v-.95h20.67v.95c-.87.08-1.43.24-1.43 1.03 0 .63 9.74 24.31 14.65 36.35.79 1.9 1.27 2.38 2.22 2.38v.95h-15.6v-.95c1.11-.08 1.5-.48 1.5-.95 0-.32-2.38-6.1-2.69-7.13h-18.77zm1.98-6.34h14.73l-7.68-18.85-7.05 18.85zm45.46-23.91c0-.71-.24-1.27-2.22-1.42v-.95h19.08v.95c-1.82.08-2.22.55-2.22 1.03 0 .87 13.7 15.44 19.24 21.54v-21.15c0-.95-.63-1.35-1.66-1.42v-.95h14.49v.95c-1.98.16-2.22.71-2.22 1.42v36.9c0 .71.24 1.27 2.22 1.43v.95h-15.05v-.95c1.42 0 1.82-.32 1.82-.87 0-1.03-1.98-2.06-22.89-25.42v24.87c0 .71.24 1.27 2.22 1.43v.95h-15.05v-.95c1.98-.16 2.22-.71 2.22-1.43v-36.91z" class="ls_v-label__ls_v-label__ls_v-label__ls_v-label__ls_v-label__ls_v-label__ls_v-label__ls_v-label__ls_v-label__ls_v-label__ls_v-label__ls_v-label__ls_v-label__ls_v-label__ls_v-label__ls_v-label__ls_v-label__ls_v-label__ls_v-label__ls_v-label__ls_ve-label__ls_ve-label__ls_ve-label__ls_vegan-label__ls_vegan-label__ls_vegan-label__ls_vegan-label__ls_vegan-label__ls_vegan-label__ls_vegan-label__ls_vegan-label__ls_vegan-label__ls_vegan-label__ls_vegan-label__st3"></path></g></style></svg><svg id="svg-vegan_society" viewBox="0 0 223.51 179.88"><path d="M99.51 108.63c1.08.1 2.05.31 3 .25.89-.05 1.76-.37 2.64-.57 3.31-.73 5.72-2.63 7.17-5.68 1.02-2.13 1.25-4.45 1.44-6.76.14-1.76.41-3.51 1.21-5.07.89-1.74 2.02-3.35 3.02-5.03.45-.76.81-1.57 1.28-2.51-.27.09-.33.09-.33.09-.28.26-.52.49-.77.72-2.07 1.94-4.4 3.59-7.05 4.51-1.75.61-3.76.47-5.65.72-1.86.24-3.75.37-5.56.84-2.98.77-5.38 2.47-6.86 5.25-1.35 2.53-1.74 5.21-1.11 8.01.33 1.47.69 2.92 1.03 4.39.5-1.25.79-2.49 1.18-3.7 1.95-5.99 5.73-8.73 11.86-9.08-.23.95-.82 1.65-1.5 2.3-1.23 1.15-2.55 2.22-3.64 3.49-2.06 2.42-4.1 4.88-5.94 7.47-2.19 3.09-4.29 6.26-6.18 9.55-1.42 2.47-2.42 5.17-3.64 7.76-.18.38-.51.69-.76 1.04-.24-1.07-.28-2.02-.35-2.97-.15-2.03-.26-4.08-.5-6.1-.41-3.32-.97-6.62-1.37-9.94-.42-3.52-.29-7.04.79-10.44.89-2.81 1.97-5.57 3.06-8.31.88-2.2 2.02-4.29 2.83-6.51 1.19-3.28 1.46-6.74 1.57-10.2.1-3.14.02-6.28.02-9.53 1.72.94 2.77 2.48 3.99 3.86-.67-2.63.46-4.91 1.18-7.25 1.08.16 1.59.85 1.81 1.74.17.69.21 1.42.35 2.12.17.86.37 1.72.56 2.57.06-.01.13-.02.19-.04.37-2.96.75-5.91 1.11-8.83 3-.55 5.9-.83 8.85-.33-.87-.72-1.78-1.35-2.66-2-.93-.68-1.71-1.48-2.01-2.88 1.7 0 3.33.11 4.94-.03 1.58-.14 3.13-.53 4.7-.8l-.03-.25c-2.06-1.41-4.34-2.51-6.31-4.3 3.59-1.48 6.55-3.45 8.54-6.41-1.53.52-3.17 1.09-4.81 1.65-.06-.09-.13-.17-.19-.26.1-.32.16-.68.32-.97 1.31-2.33 3.62-3.41 5.92-4.62-3.36-.48-6.44.51-9.69 1.26.66-3.44 1.44-6.58 4.24-8.77-2.73 1.15-4.68 3.76-7.92 4.09.58-2.06 1.2-3.97 2.7-5.47.12-.12.04-.43.06-.65-.09-.03-.18-.07-.28-.1-3.56 2.63-7.12 5.27-10.67 7.9-.96-1.65-.86-3.89.41-7.16-2.48 1.75-4.19 4-5.72 6.46-.12-.16-.2-.29-.3-.4-1.21-1.44-2.39-2.91-3.64-4.31-.78-.86-1.79-1.23-3.01-.97 1.11 2.66.15 5.08-.57 7.58-2.41-.52-4.15-1.95-5.86-3.76.51 2.39 1.4 4.55.58 6.84-1.91-.63-2.62-1.81-2.62-4.39-.88.63-1.25 1.48-1.46 2.41-.24 1.1-.46 2.22-.6 3.34-.07.58-.41.67-.78.53-1.14-.46-2.36-.83-3.34-1.54-.96-.7-1.65-1.76-2.44-2.65-.74 3.23-.29 6.5.65 9.82-1.11 0-2.13.07-3.13-.01-2.45-.2-4.78-.7-6.1-3.34-.78 3.22 1.31 5.52 2.04 7.96-4.51 1.88-8.95 3.73-13.52 5.64 2.3.92 4.59.58 6.98.69l-7.69 7.66c.05.08.11.17.16.25.9-.45 1.8-.92 2.7-1.36.62-.3 1.24-.71 1.89-.79 1.54-.2 3.1-.24 4.65-.33.19-.01.38.03.7.06-2.84 3.13-5.59 6.17-8.35 9.21 3.33-1.77 6.71-3.2 10.66-3.2-.12.33-.18.57-.28.8-.8 1.7-1.67 3.38-2.39 5.11-.44 1.05-.71 2.19-.38 3.46 2.68-3.8 6.44-5.63 10.78-6.79-.45 2.31-.5 4.53-2.04 6.31.69-.18 1.34-.4 1.97-.66 1.91-.79 3.18-2.36 4.56-3.79.65-.68 1.36-1.23 2.31-1.43.55 1.65 1.09 3.26 1.66 4.95 1.16-3.13 2.08-6.32 4.58-8.73.17 1.25.27 2.48.2 3.7-.07 1.23-.32 2.44-.5 3.79 3-2.19 5.35-4.63 6.28-8.27 1.1.42 2.04.74 2.94 1.16.24.11.49.53.49.81-.01 1.63-.09 3.27-.14 4.9-.09 3.16-.92 6.15-2.22 9-1.66 3.68-3.53 7.29-4.59 11.2-.72 2.65-1.43 5.34-1.72 8.06-.27 2.58-.04 5.22.1 7.83.18 3.33.51 6.66.75 9.99.07.93.04 1.87 0 2.81-.01.23-.26.45-.39.67-.19-.14-.44-.23-.54-.42-.2-.36-.32-.76-.45-1.15-.8-2.41-1.41-4.91-2.42-7.22-2.07-4.72-4.87-9.01-8.17-12.98-3.23-3.89-6.89-7.28-11.26-9.84-2.2-1.29-4.51-2.33-7.02-2.81l-.19.25c.78.74 1.52 1.53 2.36 2.21 3.41 2.75 6.27 6.03 8.96 9.45 1.48 1.89 2.8 3.91 4.04 5.96 1.88 3.13 3.77 6.27 5.4 9.53 2.12 4.27 3.47 8.85 4.56 13.48 1.22 5.2 2.31 10.44 2.67 15.81h9.81c.21-3.03.35-6 .66-8.95.21-2.06.59-4.12 1.02-6.15 1-4.73 2.67-9.22 5.03-13.45 1.57-2.93 2.9-6.03 5.5-8.06zm-4.27-74.39c.05.04.1.08.14.12-.4.51-.8 1.03-1.2 1.54l-.33.06-.12-.15 1.51-1.57zm2 3.94c2.37.66 3.53 2.5 3.03 5.11-.37 1.92-1.64 3.23-2.76 4.64-1.22 1.53-2.54 3-3.86 4.45-.44.48-1.02.85-1.57 1.21-1.92 1.25-3.83 2.53-5.79 3.71-4.9 2.97-10.13 5.11-15.8 6.14-1.83.33-3.56.32-5.32-.28-2.16-.74-3.2-1.69-3.19-3.87-.07-1.92.75-3.26 1.63-4.57 3.68-5.48 8.58-9.51 14.41-12.54 3.84-1.99 7.86-3.44 12.08-4.3 1.11-.23 2.3-.1 3.45-.05 1.24.06 2.52.03 3.69.35zm-22.7.49c.47.19.85.36 1.24.5.72.25 1.47.44 2.18.72.59.24.78-.08.85-.53.19-1.14.33-2.28.49-3.44 1.21.84 2.53 1.63 3.96 1.78.64-2.36 1.24-4.6 1.88-6.97 1.95 1.48 2.95 3.45 3.58 5.7 1.56-.34 2.72-1.28 3.98-2.22.29.56.57 1.09.93 1.78-7.14.63-13.46 3.32-19.73 6.89.22-1.47.42-2.76.64-4.21zm9.08 25.1c-.45 1.24-.72 2.39-1.27 3.37-.54.98-1.37 1.81-2.2 2.88v-6.68c-1.51.41-2.57 1.24-3.31 2.43-.65 1.05-1.16 2.18-1.79 3.24-.25.43-.66.76-1.06 1.22-.42-1.45-.8-2.77-1.24-4.27-.31.32-.68.57-.89.92-.66 1.07-1.21 2.22-1.92 3.26-.66.96-1.57 1.69-2.75 2.21v-5.32c-2.91 1.39-5.68 2.71-8.46 4.04-.05-.04-.11-.07-.16-.11 1.01-1.77 2.02-3.55 3.13-5.5-2.65.44-5.09.85-7.62 1.27 1.63-2.09 3.2-4.1 4.77-6.11-.04-.08-.09-.16-.13-.24h-7.06c-.02-.07-.03-.14-.05-.21 2.88-1.82 5.76-3.64 8.76-5.54-2.32.19-4.47.38-6.63.56 2.86-1.97 5.98-3.33 9.56-4.24-1.92-.89-3.11-2.13-3.64-4 .94.09 1.83.21 2.73.27 1.79.12 3.55-.08 5.25-.65 1.03-.35 1.07-.47.76-1.49-.3-.98-.66-1.96-.78-2.96-.18-1.54.15-1.75 1.61-1.27.36.12.72.28 1.06.45 1.14.57 2.27 1.15 3.35 1.7-1.5 1.12-3.14 2.24-4.66 3.5-3.43 2.82-6.3 6.13-8.25 10.15-2.06 4.28.64 7.41 4.28 8.32 2.36.59 4.71.29 7.05-.15 3.89-.74 7.62-1.93 11.08-3.85 2.41-1.33 4.76-2.78 7.05-4.32.99-.67 1.74-1.69 2.62-2.54.33-.31.66-.69 1.06-.84 2.23-.84 3.85-2.35 5.12-4.32 1.1-1.7 2.4-3.29 2.95-5.31.33-1.2.37-2.37.04-3.58-.59-2.14-2.3-2.95-4.18-3.46-1.08-.29-2.23-.33-3.35-.5-.1-.02-.19-.14-.28-.22 2.13-1.53 4.25-3.06 6.38-4.59.44-.32.87-.64 1.48-1.08-1.08 2.11-1.51 4.18-1.54 6.46 1.9-1.26 3.79-2.52 5.75-3.82-.33 2.49-1.76 4.51-2.63 6.88 2.33-.72 4.55-1.41 6.98-2.17-1.96 2.51-4.23 4.19-7.13 5.02.05.59.53.78.96.82 1.02.09 2.06.08 3.09.09.25 0 .49-.05.79.1-2.06.73-4.12 1.47-6.25 2.22 2.15 1.22 4.21 2.38 6.28 3.55-2.75 1.03-5.31.1-7.9-.24-.09 1.44.51 2.5 2.96 5.35-2.23.59-4.15-.83-6.34-.92.15.58.3 1.06.39 1.56.08.42.15.87.1 1.29-.1.89-.42.96-1.26.89-1.14-.09-2.3.02-3.45.06-.28.01-.55.1-.91.17.3 1.27 1.52 2.29 1.02 3.85-.68-.39-1.35-.79-2.05-1.17-.41-.22-.85-.37-1.26-.58-.66-.34-.98.02-1.09.59-.2.98-.36 1.97-.49 2.96-.1.77-.13 1.54-.19 2.38-1.44-.58-2.86-1.19-4.24-1.78zm114.41 78.42c-1.34-.47-1.64-.81-1.6-2.18.07-2.44.25-4.87.29-7.31.05-3.16.05-6.33 0-9.49-.02-1.1-.13-2.2-.82-3.17-1.28-1.81-2.97-2.87-5.17-3.35-2.53-.56-4.63-.04-6.43 1.8-.44.45-.97.82-1.53 1.29-.09-.7-.14-1.26-.24-1.81-.16-.93-.67-1.45-1.59-1.52-1.19-.09-2.37-.06-3.48.5-.6.3-1.24.51-1.85.77-1.3.57-2.63 1.07-3.62 2.17-1.05 1.16-.88 2.55.46 3.33.35.21.72.4 1.1.54.99.38 1.42 1.06 1.38 2.14-.18 4.72-.32 9.44-.49 14.16-.04 1.24-.4 1.63-1.68 2-2.2.63-3.5-.1-4.03-2.29-.14-.57-.21-1.18-.19-1.77.08-2.77.2-5.54.32-8.31.07-1.63.23-3.25.27-4.88.02-.82.02-1.69-.24-2.44-.72-2.06-2.22-3.49-4.22-4.29-3.88-1.55-7.84-1.45-11.71-.04-3.55 1.29-5.8 4.92-5 8.52.67 3.02 2.77 4.39 5.82 2.84a2.38 2.38 0 001.17-2.96c-.28-.77-.69-1.5-.93-2.29-.16-.52-.3-1.13-.18-1.64.39-1.68 2.59-2.89 4.4-2.48 1.65.38 2.75 1.45 3.2 3.04.42 1.49.11 2.96-1.18 3.91a37.263 37.263 0 01-4.55 2.9c-2.47 1.32-5.07 2.41-7.53 3.75-1.78.97-2.95 2.49-3.03 4.65-.2 4.93 4.27 7.79 7.93 7.93 2.09.08 4.06-.63 6.01-1.26 1.6-.51 3.17-1.2 4.67.26.31.3.82.46 1.27.53.82.12 1.65.17 2.48.17 3.14.01 6.29-.02 9.43-.02 2.81 0 5.61.03 8.42.01.24 0 .62-.17.71-.37.47-1.1-.09-2.49-1.17-3-.46-.22-.96-.35-1.44-.53-.83-.32-1.54-.77-1.64-1.75-.09-.93-.17-1.86-.16-2.8.02-2 .06-4 .15-5.99.06-1.55.12-3.11.33-4.64.21-1.58.97-2.92 2.48-3.61 2.4-1.1 3.8-.62 4.74 1.66.29.69.37 1.51.37 2.27.01 1.95-.09 3.89-.14 5.84-.06 2.7-.08 5.4-.19 8.09-.02.38-.35.81-.65 1.11-.28.28-.75.37-1.04.65-.32.3-.65.7-.74 1.1-.12.56-.03 1.17-.03 1.77h13.21c.17-3.01-.42-2.92-2.12-3.51zm-38.73-2.47c-.69.85-1.61 1.35-2.75 1.36-1.11.01-2.22.08-3.06-.89-.9-1.03-.96-2.15-.14-3.22.89-1.16 2.06-1.95 3.33-2.6 1.03-.52 2.11-.94 3.14-1.45.5-.24.96-.57 1.53-.92-.05 2.81-.24 5.48-2.05 7.72zm-16.47 1.85c-.82-.4-1.74-.57-2.61-.88-.6-.21-.8-.62-.61-1.28.25-.87.89-1.41 1.6-1.81 2.16-1.21 3.67-2.95 4.79-5.14 2.14-4.18.45-9.04-2.46-11.34-.89-.7-1.84-1.33-2.68-2.09-.34-.31-.73-.93-.63-1.28.14-.48.66-.94 1.14-1.21.32-.18.88-.1 1.25.05 1.36.54 2.68 1.2 4.04 1.75 1.51.61 2.93.23 3.92-.96.91-1.09 1.57-2.4 2.24-3.67.23-.43.14-1.04.21-1.59-.18.02-.23.02-.27.04-.09.05-.19.1-.26.16-1.45 1.2-3.1 1.56-4.92 1.16-1.35-.29-2.69-.64-4.05-.88-1.25-.22-2.52-.17-3.47.84-.74.79-1.48 1.61-2.02 2.53-.39.65-.78.65-1.39.56-1.78-.26-3.56-.63-5.35-.68-1.34-.03-2.71.28-4.03.59-4.12.99-7.28 3.32-9.11 7.17-1.29 2.71-1.79 5.58-.61 8.52.82 2.04 1.79 3.93 3.58 5.33 2.44 1.91 5.35 2.57 8.25 3.28 3.28.81 6.33 2.08 8.71 4.58 1.38 1.45 1.8 3.21 1.32 5.15-.55 2.17-2 3.68-3.74 4.97-2.88 2.13-6.77 2.59-9.62.62-1.96-1.36-3.38-3.04-3.37-5.58.01-1.27 1.02-2.58 2.27-3.05 1.5-.55 2.3-.17 3.29 1.04 1.16 1.42 3.45 1.55 4.57.26 1.55-1.79 1.49-3.79-.19-5.45-1.47-1.45-3.29-2.12-5.31-2.42-1.9-.28-3.62-.01-5.25 1.03-2.63 1.68-4.13 4.07-4.79 7.1-.86 3.97.77 8.51 4.09 10.83 2.23 1.56 4.58 2.78 7.37 3.12 2.08.25 4.1.29 6.15-.17 2.97-.68 5.44-2.25 7.58-4.32 2.97-2.86 5.16-6.16 4.67-10.54-.32-2.8-1.68-5.05-4.3-6.34zm-7.25-8.14c-.1 1.8-.88 3.35-2.74 4.03-1.9.7-3.67.45-5.18-.92-1.04-.93-1.3-2.25-1.39-3.57-.07-1.19-.02-2.39-.02-3.58h-.07c.08-1.58.1-3.16.24-4.73.2-2.33 2.35-4.51 4.45-4.48 2.88.03 4.84 1.55 4.87 4.61.04 2.89 0 5.77-.16 8.64zm-79.13-3.05c-6.74-2.95-12.81-6.88-18.14-11.97-4.4-4.2-7.99-9-10.8-14.39-2.23-4.29-3.85-8.8-4.95-13.51-.85-3.62-1.36-7.3-1.53-11.01-.12-2.64-.04-5.3.15-7.93.18-2.54.46-5.09.96-7.58 1.42-6.97 4.03-13.49 7.78-19.54 3.26-5.26 7.25-9.91 11.93-13.94a60.476 60.476 0 0117.52-10.58c5.96-2.34 12.14-3.67 18.52-4.04 2.5-.14 5.04-.05 7.54.14 2.59.19 5.2.46 7.74.96a58.578 58.578 0 0117.7 6.64c5.89 3.37 11.06 7.62 15.55 12.71 4.41 5.01 7.9 10.58 10.45 16.74 2.88 6.95 4.41 14.19 4.54 21.72.07 4.02-.14 8.03-.84 11.99-1 5.68-2.95 11.06-5.56 16.19-1.11 2.19-2.27 4.36-3.43 6.58.4.24.79.47 1.2.71.11-.14.18-.22.23-.3 1.42-2.75 2.9-5.46 4.25-8.25 3.53-7.31 5.36-15.05 5.66-23.16.17-4.77-.19-9.52-1.1-14.21-1.29-6.61-3.59-12.86-6.94-18.72a62.516 62.516 0 00-12.57-15.57 61.352 61.352 0 00-17.17-10.91c-4.68-1.98-9.52-3.45-14.58-4.07-2.84-.34-5.7-.67-8.56-.75-4.69-.13-9.34.39-13.92 1.4-7.49 1.65-14.46 4.58-20.85 8.82-4.22 2.8-8.07 6.05-11.49 9.82-2.72 3-5.18 6.17-7.28 9.63-4.26 7.01-7.14 14.54-8.23 22.69-.37 2.81-.69 5.65-.74 8.49-.05 2.71.15 5.44.45 8.14.29 2.68.68 5.37 1.29 7.99 1.13 4.85 2.87 9.48 5.22 13.89 2.04 3.82 4.46 7.37 7.3 10.63 4.76 5.46 10.39 9.83 16.74 13.3 6.08 3.33 12.57 5.59 19.29 7.21.96.23 1.95.36 2.96.55.1-.5.18-.9.27-1.34-.29-.1-.5-.19-.72-.23-5.46-1.09-10.74-2.71-15.84-4.94zm52.08-13.92c-1.49-.5-3-1.02-4.6-.88-3.74.32-6.9 1.8-9.28 4.79-2.12 2.67-3.38 5.66-3.3 9.11.04 1.59.17 3.2.47 4.75.79 4.05 2.75 7.41 6.18 9.82 2.83 1.98 5.93 2.89 9.36 2.07 4.06-.98 6.51-3.79 8.11-7.47.37-.86-.13-1.67-1.09-1.59-.74.06-1.53.32-2.14.72-.97.63-1.83 1.42-2.7 2.18-3.78 3.31-8.49.66-9.53-2.43-.63-1.87-.56-3.8-.7-5.81h.91c4.91 0 9.82-.01 14.73.01.58 0 .83-.19.98-.71.4-1.4.62-2.79.37-4.27-.8-4.8-2.82-8.65-7.77-10.29zM108.3 127c-.04.19-.35.48-.53.48-2.69.03-5.38.02-8.17.02-.08-2.56.26-4.9 2.02-6.78 1.28-1.37 3.34-1.41 4.71-.12 1.86 1.75 2.44 3.93 1.97 6.4zm91.45-16.64c-2.57.02-4.35 1.86-4.38 4.53-.03 2.42 1.85 4.46 4.31 4.47 2.49.01 4.31-1.98 4.39-4.48.01-2.49-1.92-4.54-4.32-4.52zm-.06 8.57c-2.14-.01-3.89-1.88-3.88-4.17.01-2.08 1.78-4.01 4-3.96 1.89.04 3.92 1.81 3.79 4.07-.01 2.24-1.77 4.06-3.91 4.06zm2.1-4.56c.45-1.09-.05-2.19-1.13-2.28-.97-.08-1.95-.02-2.94-.02v5.23h1.06v-2.05c.44 0 .82.01 1.2 0 .56-.01.86.19.83.82-.02.4.08.81.13 1.23h1.24c-.15-.77-.29-1.48-.41-2.2-.04-.23-.07-.52.02-.73zm-1.61-.15c-.44.09-.91.03-1.39.03v-1.24c.48 0 .97-.07 1.43.03.24.05.42.4.63.62-.23.2-.42.51-.67.56z"></path></svg><svg id="svg-vegetarian" viewBox="0 0 20 20"><g fill="none" fill-rule="evenodd"><circle cx="10" cy="10" r="10" fill="#A8AE18"></circle><path fill="#FFF" fill-rule="nonzero" d="M10 3.077L6.192 6.538c-2.102 1.912-2.102 5.012 0 6.924.944.858 2.151 1.33 3.385 1.417v2.044h.846V14.88c1.234-.088 2.44-.56 3.385-1.417 2.102-1.912 2.102-5.012 0-6.924L10 3.077zm2.91 9.569a4.263 4.263 0 01-2.487 1.076v-1.255l2.415-2.195-.599-.544-1.816 1.651V9.775l1.568-1.426-.598-.544-.97.882V6.538h-.846v2.149l-.97-.882-.598.544 1.568 1.426v1.604L7.761 9.728l-.598.544 2.414 2.195v1.255a4.263 4.263 0 01-2.487-1.076c-.777-.707-1.206-1.647-1.206-2.646 0-1 .429-1.939 1.206-2.646L10 4.71l2.91 2.645c1.605 1.46 1.605 3.833 0 5.292z"></path></g></svg><svg id="svg-sesameFree" viewBox="0 0 400 400"><g fill-rule="evenodd"><path fill="#fad405" d="M290.891 115.52c-2.888 1.312-4.19 5.481-2.633 8.432 2.118 4.014 8.774 4.014 10.891 0 2.807-5.32-2.709-10.952-8.258-8.432m-197.002 1.5c-3.367 1.393-3.613 6.787-.378 8.322 3.37 1.599 6.551-.39 6.551-4.097 0-3.293-3.174-5.465-6.173-4.225m11.417.187c-3.182 1.384-3.405 6.149-.375 7.997 5.117 3.12 9.705-4.341 4.731-7.693-1.422-.958-2.654-1.044-4.356-.304m189.943 2.295c1.785 1.616-.27 4.528-2.403 3.406-.999-.527-1.352-1.032-1.359-1.953-.014-1.777 2.382-2.702 3.762-1.453M96.805 128.7c-10.389 2.26-16.404 13.003-13.144 23.476 5.285 16.98 31.966 16.159 35.946-1.106 3.252-14.106-8.371-25.508-22.802-22.37m-47.546 17.596v17.778h9.614l.1-6.904.101-6.905 5.291 6.905 5.291 6.904h6.129c3.371 0 6.073-.135 6.005-.299-.068-.165-3.207-4.095-6.975-8.734-3.769-4.638-6.898-8.631-6.955-8.872-.056-.24 2.877-4.119 6.518-8.619 3.642-4.499 6.74-8.372 6.884-8.606.194-.314-1.291-.425-5.646-.425h-5.908l-5.317 6.944-5.317 6.944-.101-6.944-.1-6.944h-9.614v17.777m74.074-13.533v4.253l4.908.103 4.907.103.097 13.426.098 13.426h9.24l.098-13.426.097-13.426 4.919-.103 4.92-.104-.105-4.155-.105-4.156-14.537-.097-14.537-.097v4.253m33.704.015v4.259h10v27.059l4.722-.103 4.722-.104.098-13.426.097-13.426h9.62v-8.518h-29.259v4.259m50.37 13.518v17.778h9.63v-12.593h13.333v-8.518h-13.333v-5.926h17.037v-8.518h-26.667v17.777m33.21-17.531c-.136.136-.247 8.136-.247 17.778v17.531H250v-11.52l1.941.112 1.94.112 3.137 5.648 3.138 5.648h5.477c3.013 0 5.478-.104 5.478-.231 0-.128-1.667-2.857-3.704-6.065-4.328-6.817-4.183-6.19-1.757-7.593 6.735-3.896 6.2-16.123-.865-19.733-3.189-1.629-22.853-3.001-24.168-1.687m48.381.216c-.194.255-2.454 5.63-5.023 11.945a7603.801 7603.801 0 01-7.069 17.325l-2.399 5.844 5.03-.103 5.031-.103.915-2.5.916-2.5h14.277l.991 2.592.99 2.593h5.166c4.802 0 5.142-.046 4.829-.648-.185-.357-3.295-7.898-6.91-16.759s-6.807-16.57-7.093-17.13l-.52-1.018h-4.389c-3.077 0-4.495.138-4.742.462m28.579 0c-.098.255-.134 8.213-.081 17.686l.097 17.222 4.537.104 4.537.104v-11.678c0-6.423.125-11.672.277-11.665.153.007 2.89 5.215 6.081 11.574l5.804 11.561 5.585.102 5.586.102v-35.574h-9.248l-.098 10.259-.098 10.259-4.96-9.796c-2.727-5.388-5.123-10.005-5.323-10.26-.265-.336-2.02-.462-6.441-.462-4.52 0-6.123.118-6.255.462m-212.163 8.575c6.844 3.187 6.641 14.891-.31 17.795-6.27 2.619-12.498-1.85-12.508-8.974-.008-5.84 3.529-9.703 8.885-9.703 1.369 0 2.659.289 3.933.882m153.937.312c1.227.803 1.667 2.749.958 4.23-.689 1.44-2.369 1.93-6.698 1.955l-3.611.021v-7.117l4.183.133c3.186.101 4.418.286 5.168.778m36.483 7.767c1.015 2.794 1.757 5.169 1.648 5.278-.412.412-7.852.205-7.852-.218 0-.338 2.463-7.352 3.536-10.072.398-1.009.659-.519 2.668 5.012M62.07 184.661c-9.575 2.136-14.654 9.098-13.246 18.157 1.131 7.274 6.065 10.96 15.806 11.809 6.629.577 9.444 1.783 9.444 4.044 0 5.296-14.072 4.978-22.28-.503-1.237-.826-2.313-1.501-2.392-1.501-.078 0-.143 3.047-.143 6.772v6.772l1.019.586c3.272 1.885 9.002 2.926 16.205 2.943 13.662.033 20.264-5.029 20.336-15.592.068-10.026-3.731-13.09-19.041-15.355-4.607-.681-5.686-1.295-5.858-3.329-.462-5.476 13.337-5.351 20.326.184l1.458 1.155v-13.792l-1.585-.679c-4.632-1.986-14.829-2.836-20.049-1.671m218.3.105c-13.109 2.869-20.146 12.16-19.535 25.79.596 13.303 9.494 21.977 23.661 23.066 6.674.513 14.547-.432 18.96-2.276l1.359-.567v-25.964h-21.111v10.741h8.547l-.107 3.24-.107 3.241-3.889-.047c-9.04-.11-13.889-4.62-13.889-12.916 0-13.103 16.296-18.199 28.473-8.905.945.722 1.801 1.312 1.901 1.312.1 0 .182-3.238.182-7.195v-7.196l-2.105-.787c-5.757-2.154-16.228-2.874-22.34-1.537m-190.198.749c.122.384 4.191 11.226 9.041 24.092L108.032 233h13.239l8.981-23.815c4.939-13.098 8.986-23.94 8.994-24.092.007-.153-3.044-.278-6.78-.278h-6.793l-4.701 13.611c-5.77 16.708-5.921 17.13-6.155 17.13-.104 0-2.587-6.917-5.518-15.371l-5.328-15.37h-7.01c-6.705 0-7.001.03-6.789.7m55.384 23.367v24.067l18.333.1 18.333.099v-11.656l-11.759-.098-11.759-.098-.107-3.426-.106-3.426h18.546v-10.727l-9.167-.099-9.166-.099v-7.038l11.759-.097 11.759-.098v-11.471h-36.666v24.067m45.185.099v24.167h12.963v-15.773l2.63.109 2.631.109 4.314 7.711 4.314 7.711 7.685.067c4.227.036 7.685.032 7.685-.009s-2.3-3.708-5.111-8.148c-2.811-4.44-5.228-8.266-5.371-8.503-.165-.271.387-.741 1.499-1.275 8.091-3.889 10.308-18.033 3.939-25.118-4.023-4.474-7.409-5.199-24.308-5.208l-12.87-.006v24.166m49.259-.109v24.058l6.513.109c3.583.06 6.583.04 6.667-.045.084-.085.153-10.96.153-24.167v-24.012H240v24.057m74.444.109v24.167l18.334-.099 18.333-.1v-11.468h-23.704v-7.024l9.167-.099 9.167-.099.103-5.278.102-5.277h-18.539v-7.408h23.704v-11.481h-36.667v24.166m-98.251-11.832c2.955 1.577 2.773 6.358-.303 7.938-.59.303-2.793.459-6.538.463l-5.648.006v-4.383c0-2.411.125-4.51.277-4.665.573-.583 10.938-.038 12.212.641M16.667 260.116c0 .465 2.442 7.102 4.14 11.25l1.847 4.513 4.877 1.16c49.116 11.68 110.62 23.025 149.506 27.578 54.639 6.397 135.064 8.339 177.009 4.276 2.123-.206 4.065-.374 4.314-.374.532 0 5.346-7.309 9.086-13.794 4.248-7.365 12.182-23.984 11.45-23.984-.16 0-2.769.325-5.797.723-26.015 3.417-60.915 6.062-116.062 8.795-54.868 2.719-124.859-2.304-207.963-14.925-8.735-1.326-30.081-4.85-31.574-5.212-.458-.111-.833-.114-.833-.006"></path><path fill="#046bbb" d="M185.926 5.779c-.713.078-3.13.316-5.37.529C59.84 17.739-20.998 139.536 15.004 255.741l1.262 4.074 6.404 1.066c92.227 15.348 171.249 21.999 229.737 19.337 53.293-2.426 90.16-5.133 119.26-8.758 3.259-.406 6.37-.828 6.913-.937 2.801-.562 10.564-28.343 12.875-46.079C405.55 116.305 330.179 19.847 221.111 6.442c-4.704-.578-31.389-1.081-35.185-.663M296.667 115.38c3.106 1.596 4.266 5.636 2.514 8.755-2.102 3.738-7.169 4.253-10.087 1.024-4.711-5.215 1.313-12.995 7.573-9.779m-198.534 1.892c2.956 1.746 2.972 6.569.027 8.092-4.315 2.231-8.922-2.282-6.655-6.519 1.04-1.944 4.579-2.783 6.628-1.573m11.509-.044c1.58.818 2.33 2.504 2.113 4.756-.562 5.854-9.17 5.138-9.16-.762.006-3.537 3.786-5.68 7.047-3.994m182.79 2.153c-.871.637-.871 2.453 0 3.09.894.654 2.183.624 2.754-.065 1.087-1.309.157-3.517-1.482-3.517-.33 0-.902.221-1.272.492m-185.765 9.169c17.349 3.996 18.325 29.889 1.323 35.115-16.938 5.206-30.802-10.118-23.36-25.821 3.542-7.476 12.863-11.407 22.037-9.294m-47.694 6.803l.101 6.834 5.185-6.821 5.185-6.82 6.05-.014c3.672-.008 6.001.125 5.926.339-.068.194-3.176 4.123-6.906 8.731-4.609 5.694-6.674 8.518-6.447 8.814.616.8 13.158 16.352 13.718 17.01.523.614.208.648-5.894.648l-6.447-.001-5.185-6.758-5.185-6.759-.101 6.759-.101 6.759h-9.613v-35.555h9.614l.1 6.834m93.62-2.39v4.444h-9.63v26.667h-10v-26.645l-4.907-.103-4.908-.104-.104-4.352-.105-4.351h29.654v4.444m33.888 0v4.259l-4.907.104-4.907.103v26.645h-10v-26.667h-9.63v-8.897l14.722.097 14.722.097v4.259m47.963 0v4.444h-17.439l.108 2.686.109 2.685 6.667.1 6.667.101-.067 4.159-.066 4.158-6.6.185-6.601.186-.101 6.214-.102 6.214-4.814-.103-4.814-.103.005-17.5c.002-9.625.006-17.583.008-17.685.002-.102 6.087-.185 13.522-.185h13.518v4.444m26.741-4.028c10.307 2.187 13.017 17.206 3.941 21.836l-1.461.745.843 1.372c.464.754 2.216 3.538 3.892 6.186l3.049 4.815-5.63.103c-5.038.092-5.68.033-6.111-.556-.265-.362-1.74-2.95-3.277-5.751l-2.794-5.092h-3.267v11.481h-10v-35.555h9.427c5.568 0 10.229.17 11.388.416m44.577 17.325c3.96 9.656 7.201 17.615 7.201 17.685 0 .071-2.377.129-5.281.129h-5.281l-.864-2.407-.863-2.408h-14.241l-.85 2.408-.849 2.407h-5.185c-4.436 0-5.153-.079-4.972-.551.116-.303 3.235-7.928 6.932-16.944 3.696-9.017 6.867-16.774 7.045-17.238.318-.827.425-.842 5.166-.741l4.84.104 7.202 17.556m29.741-7.556l5.053 10 .098-10.104.099-10.104 4.625.104c2.543.057 4.624.229 4.623.381L350 146.667v17.407l-5.648-.003-5.648-.004-5.827-11.571-5.826-11.57-.007 11.574-.007 11.574h-9.63v-35.573l6.522.102 6.521.101 5.053 10m-235.873-1.69c-9.275 1.864-9.357 16.521-.105 18.592 7.606 1.702 13.149-6.209 9.765-13.939-1.468-3.355-5.781-5.432-9.66-4.653m150.555 3.542v3.206l4.314-.122c5.131-.144 5.871-.534 5.871-3.084 0-2.551-.74-2.94-5.871-3.085l-4.314-.121v3.206m41.435 4.743l-1.879 5.257 3.696.106c2.033.058 3.756.046 3.829-.026.109-.109-3.468-10.294-3.696-10.522-.039-.039-.916 2.294-1.95 5.185M77.071 184.637c1.434.301 3.555.924 4.713 1.383l2.105.835.101 6.943c.111 7.679.158 7.56-2.248 5.723-5.869-4.48-18.29-5.322-19.664-1.332-.971 2.82.608 3.759 8.059 4.792 12.957 1.796 16.665 5.123 16.698 14.989.025 7.322-2.261 11.204-8.204 13.93-6.955 3.19-21.88 2.721-28.353-.891l-1.389-.775v-6.784c0-7.383.007-7.405 2.037-6.021 8.586 5.855 22.778 6.645 22.778 1.268 0-2.186-2.213-3.243-7.778-3.713-12.401-1.049-17.222-5.192-17.222-14.799 0-12.634 11.709-19.052 28.367-15.548m221.136.171c1.806.394 4.031 1.047 4.945 1.452l1.663.735v7.243c0 7.815-.105 8.177-1.831 6.34-6.556-6.979-23.499-5.784-27.376 1.932-4.895 9.741 1.533 19.342 12.95 19.342h3.294v-5.902l-4.167-.105-4.166-.104-.103-5.463-.102-5.463h21.501v26.21l-2.571.953c-8.337 3.091-21.062 2.647-28.725-1.002-12.026-5.725-16.602-21.062-10.194-34.157 5.105-10.43 19.467-15.375 34.882-12.011m-192.741 3.803c.807 2.292 3.2 9.206 5.316 15.366 2.116 6.159 3.931 11.199 4.033 11.2.102 0 1.58-4.04 3.285-8.977 1.705-4.938 4.099-11.853 5.32-15.367l2.219-6.389h7.035c5.47 0 6.998.103 6.867.463-.092.255-4.228 11.255-9.191 24.445l-9.024 23.981h-6.681l-6.682-.001-8.993-23.889A42468.468 42468.468 0 0089.763 185c-.184-.482.744-.556 7.011-.556h7.223l1.469 4.167m76.941 1.945v5.925l-11.759.098-11.759.098v6.656h18.148v11.111h-18.148v6.657l11.759.098 11.759.097v11.852H145.37l-.096-23.889c-.052-13.139-.015-24.099.083-24.355.14-.368 4.063-.446 18.614-.37l18.436.096v5.926m37.692-5.243c6.358 1.806 9.814 5.21 11.182 11.015 1.891 8.022-1.423 16.572-7.388 19.065-.715.298-1.3.629-1.3.734 0 .163 5.323 8.696 9.52 15.262l1.243 1.944h-15.811l-4.418-7.963-4.419-7.963h-4.634v15.943l-6.759-.101-6.759-.101-.096-23.889c-.053-13.139-.01-24.114.095-24.389.303-.792 26.584-.397 29.544.443m33.234 23.576v24.444H240v-48.889h13.333v24.445m97.778-18.333v6.111h-23.333v6.653l8.981.099 8.982.1.102 5.462.103 5.463h-18.168v6.852h23.148l.102 6.019.101 6.018h-37.055v-24.197c0-13.309.111-24.309.247-24.445.136-.135 8.469-.247 18.519-.247h18.271v6.112m-147.037 10.589v4.478l5.463-.143c7.114-.187 8.621-.965 8.606-4.443-.016-3.509-1.746-4.369-8.791-4.37h-5.278v4.478M23.837 278.937c27.415 58.965 80.987 100.08 143.941 110.469 23.891 3.942 51.379 3.187 74.745-2.054 41.493-9.305 79.977-33.149 106.989-66.286 2.536-3.111 8.525-11.013 9.104-12.011.155-.267-.553-.307-2.251-.126-17.669 1.882-65.305 2.783-95.254 1.803-66.926-2.19-113.569-8.108-192.592-24.434-19.248-3.977-45.128-9.88-45.833-10.455-.254-.207.264 1.185 1.151 3.094"></path><path fill="#5a9b6f" d="M293.056 127.292c.356.094.939.094 1.296 0 .356-.093.065-.169-.648-.169-.713 0-1.005.076-.648.169m-106.62 5.671c0 2.343.06 3.301.134 2.13a41.46 41.46 0 000-4.26c-.074-1.171-.134-.213-.134 2.13m-63.336 0c0 2.139.061 3.014.136 1.944a33.62 33.62 0 000-3.888c-.075-1.07-.136-.195-.136 1.944m-35.531.463l-1.088 1.204 1.204-1.088c1.122-1.014 1.374-1.32 1.088-1.32-.064 0-.605.542-1.204 1.204m79.265 17.315c0 7.435.049 10.477.11 6.759.06-3.718.06-9.801 0-13.519-.061-3.717-.11-.675-.11 6.76m83.293-10.185c.001 1.629.066 2.25.145 1.379.078-.871.077-2.205-.003-2.963-.079-.759-.143-.046-.142 1.584m.023 17.777c0 3.26.057 4.543.126 2.853s.068-4.357-.001-5.926-.126-.186-.125 3.073m39.943.832c1.986.067 5.236.067 7.222 0 1.986-.067.361-.121-3.611-.121-3.973 0-5.598.054-3.611.121M67.5 183.974a16.31 16.31 0 002.778 0c.764-.08.139-.146-1.389-.146s-2.153.066-1.389.146m219.444.001c.866.078 2.283.078 3.149 0 .865-.078.157-.142-1.574-.142-1.732 0-2.44.064-1.575.142m-193.537.745c1.772.068 4.772.068 6.667.001 1.894-.068.445-.123-3.222-.124-3.667 0-5.217.055-3.445.123m35.945 0c1.782.068 4.699.068 6.481 0 1.783-.068.324-.123-3.24-.123-3.565 0-5.024.055-3.241.123m25.766.002c4.954.058 12.954.058 17.778 0 4.824-.059.771-.106-9.007-.106s-13.725.048-8.771.106m41.826 0c3.311.061 8.727.061 12.037 0 3.311-.062.602-.112-6.018-.112s-9.329.05-6.019.112m46.667-.002a90.23 90.23 0 006.111 0c1.681-.069.306-.125-3.055-.125s-4.736.056-3.056.125m80 .002c4.94.058 13.023.058 17.963 0 4.94-.058.898-.106-8.981-.106-9.88 0-13.922.048-8.982.106M145.36 208.889c0 13.342.046 18.801.103 12.13.056-6.672.056-17.588 0-24.26-.057-6.671-.103-1.213-.103 12.13m37.012-18.333c.001 3.259.057 4.543.126 2.852.069-1.69.068-4.357-.001-5.926s-.125-.186-.125 3.074m8.173 18.333c0 13.342.046 18.801.103 12.13.057-6.672.057-17.588 0-24.26-.057-6.671-.103-1.213-.103 12.13m137.027-8.704l.021 3.334 9.074.01 9.074.01-8.968-.109-8.968-.11-.127-3.234-.127-3.234.021 3.333m-164.125 3.425c2.61.064 6.776.064 9.26 0 2.483-.064.349-.116-4.744-.116s-7.125.052-4.516.116m120.031 6.76c0 2.75.059 3.875.13 2.5a58.712 58.712 0 000-5c-.071-1.375-.13-.25-.13 2.5m-22.986-1.296c.002 1.426.068 1.964.149 1.196.08-.769.078-1.936-.003-2.593-.082-.658-.148-.029-.146 1.397m67.049 8.704c0 1.935.062 2.727.139 1.759a27.17 27.17 0 000-3.518c-.077-.968-.139-.176-.139 1.759m-39.685-1.951l3.966.123.13 2.858.13 2.859-.023-2.963-.022-2.963-4.074-.018-4.074-.019 3.967.123m-117.31 5.567l11.657.098.117 5.736.117 5.736-.015-5.834-.015-5.834h-23.518l11.657.098m163.273-.006c3.221.062 8.388.062 11.482 0 3.094-.062.458-.112-5.857-.112-6.314 0-8.846.051-5.625.112m-45.944.73c.563.085 1.397.082 1.852-.005.456-.088-.005-.158-1.023-.155-1.019.003-1.392.074-.829.16m14.44 55.545c.356.093.94.093 1.296 0 .357-.093.065-.17-.648-.17-.713 0-1.005.077-.648.17m-18.889 1.111c.356.093.94.093 1.296 0 .357-.093.065-.17-.648-.17-.713 0-1.005.077-.648.17m-22.222 1.111c.356.093.94.093 1.296 0 .356-.093.065-.169-.648-.169-.713 0-1.005.076-.648.169m-68.329.377c.46.089 1.127.085 1.481-.008.354-.092-.023-.165-.837-.161-.815.005-1.105.08-.644.169m60.37 0c.461.089 1.127.085 1.482-.008.354-.092-.023-.165-.838-.161-.815.005-1.105.08-.644.169m-6.115 29.993c.356.093.939.093 1.296 0 .356-.093.065-.169-.648-.169-.713 0-1.005.076-.648.169m9.074.383c.662.082 1.745.082 2.407 0 .662-.082.12-.149-1.204-.149-1.324 0-1.865.067-1.203.149m71.301-.002c.563.085 1.396.083 1.852-.005.455-.088-.005-.157-1.024-.155-1.018.003-1.391.075-.828.16m-58.518.371c.563.085 1.396.082 1.851-.006.456-.087-.005-.157-1.023-.154-1.019.002-1.391.074-.828.16m47.217-.005a5.29 5.29 0 001.666 0c.459-.088.084-.16-.833-.16-.917 0-1.292.072-.833.16"></path><path fill="#7aa55c" d="M234.072 133.039c-.101 2.384-.052 4.203.108 4.042.16-.161.242-2.112.183-4.335l-.108-4.042-.183 4.335M133.13 150.741c0 7.435.05 10.477.11 6.759.061-3.718.061-9.801 0-13.519-.06-3.717-.11-.675-.11 6.76m9.63 0c0 7.435.049 10.477.11 6.759.06-3.718.06-9.801 0-13.519-.061-3.717-.11-.675-.11 6.76m184.071 2.037c0 6.315.051 8.95.113 5.856.061-3.094.062-8.26 0-11.481s-.112-.69-.113 5.625m-75.072-8.801c1.07.075 2.82.075 3.889 0 1.07-.075.195-.136-1.944-.136s-3.014.061-1.945.136m41.76 6.764l-4.075.224 3.96.073c2.323.043 4.054-.08 4.189-.297.125-.204.177-.338.114-.297-.063.04-1.948.174-4.188.297M100.833 164.7c.357.093.94.093 1.297 0 .356-.093.064-.17-.649-.17-.712 0-1.004.077-.648.17m213.408 20.214c-.099.259-.135 4.551-.08 9.537l.099 9.068.185-9.538c.181-9.329.165-10.028-.204-9.067m-230.383 8.975c0 3.87.055 5.403.122 3.407a123.17 123.17 0 00-.001-7.037c-.067-1.874-.121-.24-.121 3.63m203.827 1.928a5.296 5.296 0 001.667 0c.458-.088.083-.161-.833-.161-.917 0-1.292.073-.834.161M158.652 200c0 1.935.062 2.727.139 1.759a27.17 27.17 0 000-3.518c-.077-.968-.139-.176-.139 1.759m45.194 1.111c0 2.546.06 3.588.132 2.315a49.65 49.65 0 000-4.63c-.072-1.273-.132-.231-.132 2.315m27.729-.185c.004.815.08 1.104.168.644.089-.461.086-1.128-.007-1.482-.093-.354-.165.023-.161.838m82.668 17.407c0 8.148.049 11.429.108 7.29.06-4.138.06-10.805 0-14.814-.059-4.01-.108-.624-.108 7.524m-155.591-.555c0 1.935.062 2.727.139 1.759a27.17 27.17 0 000-3.518c-.077-.968-.139-.176-.139 1.759m-109.609 5.555c0 3.769.055 5.311.122 3.426.067-1.884.067-4.967 0-6.852-.067-1.884-.122-.342-.122 3.426m154.818 1.852c0 4.38.054 6.171.119 3.982.066-2.19.066-5.773 0-7.963-.065-2.19-.119-.398-.119 3.981M65.47 222.491c.665.082 1.665.08 2.222-.004.556-.085.012-.152-1.211-.15-1.222.002-1.677.071-1.011.154m46.122 10.748a96.47 96.47 0 006.297-.001c1.67-.068.204-.124-3.259-.123-3.463 0-4.83.056-3.038.124m42.945.001c5.042.059 13.292.059 18.333 0 5.042-.058.917-.105-9.166-.105-10.084 0-14.209.047-9.167.105m39.648-.001c1.792.068 4.626.068 6.296-.001 1.671-.068.204-.124-3.259-.123-3.463 0-4.83.056-3.037.124m27.594 0c2.099.067 5.432.066 7.407 0 1.976-.067.258-.121-3.816-.12-4.074 0-5.69.054-3.591.12m21.277 0c1.782.068 4.699.068 6.481 0s.324-.124-3.241-.124-5.023.056-3.24.124m80.74.001c5.042.059 13.292.059 18.334 0 5.041-.058.916-.105-9.167-.105s-14.208.047-9.167.105m-259.624.729c.563.086 1.396.083 1.852-.005.455-.087-.005-.157-1.024-.154-1.019.002-1.391.074-.828.159m3.698-.01c.357.093.94.093 1.297 0 .356-.093.064-.169-.648-.169-.713 0-1.005.076-.649.169m217.968.007c.46.088 1.127.085 1.481-.008.354-.093-.023-.165-.838-.161-.814.004-1.104.08-.643.169m3.149.003c.563.086 1.396.083 1.851-.005.456-.087-.005-.157-1.023-.154-1.019.002-1.391.074-.828.159m86.258 45.491c-.62 1.362-.502 1.653.169.415.314-.579.501-1.121.416-1.206-.085-.084-.348.272-.585.791m-175.147 1.176c.563.085 1.396.083 1.852-.005.455-.088-.006-.157-1.024-.155-1.019.003-1.391.075-.828.16m46.48-.004c.461.089 1.128.086 1.482-.007.354-.093-.023-.165-.838-.161-.815.004-1.104.08-.644.168m-33.893.364c.357.093.94.093 1.296 0 .357-.093.065-.169-.648-.169-.713 0-1.004.076-.648.169m9.445.02c1.476.07 3.893.07 5.37 0 1.477-.071.269-.128-2.685-.128s-4.162.057-2.685.128m13.518-.02c.357.093.94.093 1.296 0 .357-.093.065-.169-.648-.169-.713 0-1.004.076-.648.169m134.167 9.374c-.316.611-.491 1.111-.39 1.111.102 0 .444-.5.76-1.111s.491-1.111.39-1.111c-.102 0-.444.5-.76 1.111m-120.463 19.885c.356.093.94.093 1.296 0 .357-.093.065-.169-.648-.169-.713 0-1.005.076-.648.169m10.741.371c.356.093.939.093 1.296 0 .356-.093.065-.17-.648-.17-.713 0-1.005.077-.648.17m64.814 0c.357.093.94.093 1.297 0 .356-.093.065-.17-.648-.17-.713 0-1.005.077-.649.17m-52.963.37c.357.093.94.093 1.297 0 .356-.093.065-.169-.648-.169-.713 0-1.005.076-.649.169m5.005.007c.46.088 1.127.085 1.481-.008.354-.092-.023-.165-.837-.161-.815.004-1.105.08-.644.169m32.222 0c.461.088 1.127.085 1.481-.008.355-.092-.022-.165-.837-.161-.815.004-1.105.08-.644.169m4.625-.007c.357.093.94.093 1.297 0 .356-.093.064-.169-.649-.169-.713 0-1.004.076-.648.169"></path><path fill="#7cac64" d="M126.034 137.312c1.383.071 3.55.071 4.815-.001 1.264-.072.132-.131-2.516-.13-2.648.001-3.683.06-2.299.131m19.259 0c1.384.071 3.55.071 4.815-.001 1.265-.072.133-.131-2.515-.13-2.649.001-3.683.06-2.3.131m14.445 0c1.383.071 3.55.071 4.814-.001 1.265-.072.133-.131-2.515-.13-2.648.001-3.683.06-2.299.131m19.429-.001c1.273.073 3.356.073 4.629 0 1.273-.072.232-.131-2.315-.131-2.546 0-3.587.059-2.314.131m42.222.003c2.292.065 6.042.065 8.333 0 2.292-.065.417-.119-4.166-.119-4.584 0-6.459.054-4.167.119m30.37-.006c.866.078 2.283.078 3.148 0 .866-.078.158-.142-1.574-.142-1.731 0-2.439.064-1.574.142m-87.222 59.265c3.208.062 8.458.062 11.667 0 3.208-.061.583-.112-5.834-.112-6.416 0-9.041.051-5.833.112m41.867-.002c1.384.072 3.55.071 4.815-.001 1.265-.072.133-.13-2.515-.13-2.648.001-3.683.06-2.3.131m127.23.003c3.323.061 8.657.061 11.852-.001 3.196-.061.477-.112-6.042-.111-6.518 0-9.133.05-5.81.112M215.47 281.009c.665.083 1.665.081 2.222-.004.556-.084.012-.152-1.211-.149-1.222.002-1.677.071-1.011.153m16.666 0c.666.083 1.666.081 2.222-.004.557-.084.012-.152-1.21-.149-1.222.002-1.677.071-1.012.153m42.22 29.994c.461.088 1.128.085 1.482-.008.354-.092-.023-.165-.838-.161-.815.004-1.105.08-.644.169m37.218-.007c.357.093.94.093 1.296 0 .357-.093.065-.169-.648-.169-.713 0-1.004.076-.648.169"></path></g></svg><svg id="svg-peanutFree" viewBox="0 0 400 400"><g fill-rule="evenodd"><path fill="#fad405" d="M212.002 115.15c-2.921 1.326-4.207 5.447-2.633 8.432 2.118 4.014 8.774 4.014 10.891 0 2.798-5.303-2.727-10.944-8.258-8.432m4.358 3.981c1.228 1.112.66 3.118-1.024 3.616-.998.295-2.743-1.039-2.743-2.097 0-1.84 2.36-2.791 3.767-1.519m-74.601 9.295l-13.24.102v35.176h9.629v-12.593h13.333v-8.518h-13.333v-5.926h17.037v-4.26c0-2.342-.041-4.219-.092-4.171-.051.048-6.051.134-13.334.19m19.352 17.593v17.685h9.259v-11.482h4.008l2.794 5.093c1.537 2.801 3.011 5.389 3.277 5.751.431.588 1.064.648 5.917.556l5.435-.103-3.853-6.112c-4.467-7.086-4.209-6.396-2.615-6.973 7.539-2.726 7.241-16.923-.435-20.689l-2.12-1.04-10.834-.186-10.834-.186.001 17.686m48.708-16.76c-.261.51-3.067 7.26-6.235 15a7648.21 7648.21 0 01-6.877 16.77l-1.118 2.695 5.045-.103 5.045-.102.916-2.5.915-2.5h14.277l.991 2.592.99 2.593h10.206l-7.15-17.448c-3.933-9.596-7.227-17.523-7.32-17.617-.786-.786-9.242-.244-9.685.62m28.854-.771c-.085.085-.154 8.043-.154 17.685v17.531h9.259v-11.667c0-6.417.125-11.657.278-11.645.152.011 2.892 5.22 6.088 11.574l5.81 11.553 5.579.102 5.578.102v-35.162l-4.624-.114-4.625-.114-.098 10.186-.097 10.185-4.951-9.815c-2.722-5.398-5.072-9.948-5.222-10.111-.275-.3-12.535-.577-12.821-.29m-58.786 9.147c1.515 1.127 1.662 3.676.286 4.97-.919.863-1.209.914-5.295.914h-4.322l-.11-2.931c-.157-4.223-.378-4.026 4.353-3.864 3.39.116 4.219.264 5.088.911m37.059 7.63c1.014 2.794 1.756 5.169 1.647 5.278-.412.412-7.852.205-7.852-.218 0-.229.755-2.521 1.679-5.093.923-2.572 1.762-4.913 1.864-5.201.314-.892.743-.048 2.662 5.234M62.222 184.629c-9.64 1.945-13.966 7.154-13.647 16.435.308 8.979 4.551 12.374 17.166 13.736 7.011.756 9.437 2.56 7.385 5.49-2.723 3.888-15.972 2.31-22.515-2.68-.68-.519-1.346-.943-1.479-.943-.134 0-.243 3.06-.243 6.801v6.801l2.146.963c5.038 2.261 16.528 3.251 22.669 1.953 8.016-1.694 12.451-6.47 12.871-13.861.552-9.695-3.853-14.379-14.908-15.852-8.357-1.113-10.186-1.838-10.186-4.035 0-5.483 13.995-5.242 20.647.355.62.522 1.232.949 1.36.949.128 0 .187-3.042.131-6.76l-.1-6.759-1.694-.841c-4.035-2.003-13.957-2.89-19.603-1.752m218.704-.03c-17.238 3.373-25.55 20.165-17.891 36.142 5.421 11.307 23.196 16.493 38.352 11.19l2.872-1.005.098-13.056.097-13.055h-21.121v10.741h8.548l-.107 3.24-.107 3.241-3.889-.047c-3.016-.037-4.363-.229-6.001-.854-10.351-3.95-10.928-19.364-.896-23.937 6.296-2.87 16.674-1.364 21.837 3.169.698.612 1.372 1.113 1.498 1.113.125 0 .228-3.23.228-7.179v-7.179l-1.944-.777c-4.998-1.998-15.814-2.874-21.574-1.747m-191.121.864c.14.356 4.178 11.065 8.973 23.796 4.796 12.732 8.825 23.266 8.955 23.41.129.144 3.15.284 6.712.311l6.478.05 1.191-3.089c.655-1.699 4.753-12.547 9.108-24.108l7.918-21.018-6.885.004-6.885.004-5.185 15.023c-5.121 14.837-5.569 16.041-5.837 15.699-.075-.096-2.025-5.675-4.333-12.397-2.309-6.722-4.689-13.597-5.289-15.278l-1.092-3.055h-7.042c-6.556 0-7.024.044-6.787.648m55.38 23.419v24.067l18.334.1 18.333.099v-11.667h-23.333v-7.037h18.148v-10.74h-18.148v-7.408h23.333v-11.481h-36.667v24.067m45.185.007v24.074h6.297c3.463 0 6.397-.042 6.521-.093.124-.051.249-3.509.278-7.685l.053-7.592h5.16l4.285 7.7 4.284 7.701 7.672.077c4.22.042 7.673-.011 7.673-.118 0-.108-.23-.524-.51-.926s-2.684-4.176-5.341-8.386l-4.832-7.656 2.024-1.024c10.372-5.248 9.871-23.189-.786-28.119-3.909-1.808-6.085-2.027-20.123-2.027H190.37v24.074m49.26-.062c0 13.207.069 24.082.153 24.167.084.085 3.084.105 6.667.045l6.513-.109v-48.115H239.63v24.012m74.444.062v24.074h36.667v-11.482h-23.704v-7.037h18.519v-10.727l-9.167-.099-9.167-.099v-7.038l11.759-.097 11.76-.098v-11.471h-36.667v24.074m-98.211-11.729c2.991 1.618 2.909 6.377-.135 7.821-1.01.479-2.314.575-6.731.492l-5.478-.103-.082-4.074c-.044-2.24-.002-4.297.094-4.571.287-.813 10.704-.445 12.332.435M16.667 260.151c0 .426 3.269 9.255 4.632 12.51l1.347 3.216 4.881 1.161c49.461 11.762 112.694 23.388 150.992 27.76 54.795 6.257 134.114 8.107 175.527 4.095 2.123-.206 4.065-.374 4.314-.374.531 0 5.34-7.299 9.088-13.794 4.187-7.255 12.182-23.984 11.463-23.984-.169 0-2.784.325-5.812.723-31.816 4.179-99.801 8.793-140.136 9.511-42.762.761-104.2-4.119-168.889-13.416-15.131-2.174-43.651-6.729-46.574-7.437-.458-.111-.833-.098-.833.029"></path><path fill="#046bbb" d="M185.926 5.779c-.713.078-3.13.316-5.37.529C102.74 13.677 35.89 69.317 14.051 144.894c-10.306 35.663-9.963 75.785.948 110.847l1.267 4.074 11.034 1.823c13.035 2.153 14.322 2.357 25.663 4.058 7.95 1.193 12.112 1.795 23.333 3.377 11.873 1.674 36.71 4.625 52.778 6.271 46.55 4.771 89.099 6.435 123.861 4.845 40.498-1.852 67.145-3.577 94.843-6.139 11.097-1.026 27.969-2.958 30.802-3.527 2.772-.556 10.517-28.192 12.862-45.893C405.747 116.625 330.198 19.85 221.111 6.442c-4.704-.578-31.389-1.081-35.185-.663m30.555 108.702c6.108 1.661 6.145 10.491.051 12.205-3.979 1.119-8.013-1.968-8.013-6.13a6.28 6.28 0 017.962-6.075m-2.938 4.529c-.871.637-.871 2.454 0 3.091.894.654 2.183.623 2.754-.065 1.087-1.31.157-3.517-1.482-3.517-.33 0-.902.221-1.272.491m-57.987 13.583v4.444h-17.408v5.169l6.759.1 6.76.101.104 4.344.104 4.343-6.771.101-6.771.101-.101 6.204-.102 6.204h-9.982v-17.531c0-9.642.111-17.642.247-17.778.136-.136 6.303-.247 13.704-.247h13.457v4.445m28.653-3.369c8.937 3.543 9.405 16.689.773 21.729-.621.362-.351.914 3.095 6.342 2.076 3.27 3.775 6.05 3.775 6.177 0 .128-2.542.231-5.648.23l-5.648-.001-3.149-5.647-3.148-5.647-1.759-.112-1.759-.113v11.522h-10v-35.615l10.648.137c10.103.13 10.759.181 12.82.998m42.666 16.68c3.959 9.664 7.199 17.622 7.199 17.685 0 .063-2.376.115-5.281.115h-5.281l-.863-2.408-.864-2.407h-14.241l-.849 2.407-.85 2.408H200.7c-2.829 0-5.144-.074-5.144-.165 0-.09 3.1-7.715 6.89-16.944 3.79-9.229 7.038-17.16 7.218-17.624.319-.827.426-.842 5.169-.741l4.842.103 7.2 17.571m29.553-7.878c2.678 5.33 4.952 9.775 5.053 9.877.102.101.186-4.26.186-9.693v-9.877h9.629l.096 17.686.097 17.685-5.837-.006-5.837-.006-5.834-11.564-5.833-11.564v23.14h-9.629v-35.573l6.521.101 6.521.101 4.867 9.693m-85.687 2.159v3.148h3.865c5.559 0 6.914-.851 6.328-3.976-.346-1.845-1.633-2.32-6.286-2.32h-3.907v3.148m41.991 4.744l-1.879 5.256 3.696.106c2.032.059 3.755.047 3.828-.026.109-.109-3.468-10.293-3.695-10.521-.04-.04-.917 2.294-1.95 5.185m-135.763 39.76c1.565.323 3.721.975 4.79 1.448l1.945.859v6.873c0 7.444-.03 7.536-1.944 5.925-6.827-5.744-23.142-5.306-19.868.535.807 1.44 1.962 1.831 7.799 2.642 12.725 1.767 17.005 5.474 17.095 14.807.107 11.262-7.614 16.803-22.527 16.165-6.377-.272-10.01-.977-13.148-2.551l-2.407-1.207-.102-6.639c-.112-7.375-.032-7.658 1.788-6.295 8.016 6.005 22.943 6.858 22.943 1.31 0-2.19-1.941-3.101-7.592-3.565-12.372-1.014-17.428-5.266-17.391-14.626.051-12.863 11.61-19.197 28.619-15.681m216.317-.607c3.907.412 7.17 1.177 9.77 2.292l1.759.754v7.177c0 8.119.178 7.801-3.111 5.549-9.859-6.75-24.147-4.522-27.083 4.224-3.294 9.813 2.878 17.774 13.78 17.774h3.451v-5.903l-4.352-.104-4.352-.104.042-5.371.043-5.37 10.795-.098 10.796-.098-.097 13.059-.097 13.059-2.182.866c-3.289 1.305-6.568 1.899-11.909 2.159-18.654.906-30.183-8.573-30.253-24.873-.074-17.197 13-27.098 33-24.992m-187.949 4.992c.854 2.445 3.285 9.435 5.402 15.533 3.006 8.661 3.907 10.891 4.112 10.186.605-2.084 9.997-28.977 10.348-29.633.564-1.054 14.259-1.121 13.968-.067-.128.464-15.684 41.852-17.929 47.704-.18.467-1.25.537-6.929.452l-6.716-.101-4.73-12.592c-2.602-6.926-6.701-17.8-9.109-24.163-2.408-6.364-4.29-11.659-4.182-11.767.108-.109 3.35-.152 7.204-.097l7.008.101 1.553 4.444m76.802 1.574l.102 6.019h-23.722v6.666h18.148v11.111h-18.148v6.657l11.759.098 11.759.097.102 6.019.102 6.018h-37.056v-48.895l18.426.096 18.426.096.102 6.018m37.676-5.316c8.272 2.328 12.154 8.1 11.564 17.193-.374 5.772-2.62 9.83-6.79 12.27l-2.284 1.336c-.056.033 2.203 3.709 5.021 8.168 2.817 4.46 5.247 8.317 5.401 8.571.22.365-1.396.462-7.613.459l-7.892-.005-4.393-7.958-4.394-7.959h-4.731v15.943l-6.76-.101-6.759-.101-.096-23.889c-.053-13.139-.01-24.114.096-24.389.308-.806 26.582-.396 29.63.462m33.148 23.557v24.444H239.63v-48.889h13.333v24.445m97.963-18.333v5.925l-11.759.098-11.76.098v6.656h18.149v11.111h-18.149v6.657l11.76.098 11.759.097v11.852l-18.611.096-18.611.096v-24.201c0-13.31.112-24.313.25-24.451.138-.138 8.513-.207 18.611-.154l18.361.096v5.926m-147.222 10.555v4.445h4.651c7.534 0 9.423-.885 9.423-4.412 0-3.661-1.618-4.477-8.877-4.477h-5.197v4.444m-181.11 75.144c.001.125 1.559 3.393 3.464 7.264 27.715 56.326 80.534 95.79 141.72 105.887 23.891 3.942 51.379 3.187 74.745-2.054 44.835-10.055 84.776-36.196 112.908-73.897 3.738-5.01 3.724-4.725.217-4.438-63.43 5.183-147.648 1.453-216.944-9.609-31.345-5.003-83.569-15.431-111.76-22.316-2.393-.585-4.351-.961-4.35-.837"></path><path fill="#539872" d="M214.167 126.922c.356.093.939.093 1.296 0 .356-.093.065-.169-.648-.169-.713 0-1.005.076-.648.169m-85.848 19.189c0 9.778.048 13.725.107 8.771.058-4.954.058-12.954 0-17.778-.059-4.824-.107-.771-.107 9.007m133.324-8.148c0 5.296.052 7.411.115 4.7.064-2.711.064-7.044 0-9.629-.064-2.586-.115-.367-.115 4.929m9.639 8.148c0 9.778.048 13.725.107 8.771.058-4.954.058-12.954 0-17.778-.059-4.824-.107-.771-.107 9.007m-126.479-3.616l6.655.114.123 4.252.123 4.251-.019-4.352-.018-4.353-6.76-.012-6.759-.013 6.655.113m27.523 1.111c.974.077 2.474.076 3.333-.002.86-.078.063-.14-1.77-.139-1.833.001-2.537.064-1.563.141m38.897 15.189c1.997.067 5.163.066 7.037-.001 1.874-.067.24-.121-3.63-.121-3.871 0-5.404.055-3.407.122M67.307 183.971c.657.082 1.824.083 2.592.003.769-.08.231-.147-1.195-.149-1.426-.001-2.055.064-1.397.146m219.267.004c.866.078 2.282.078 3.148 0 .866-.078.158-.142-1.574-.142-1.731 0-2.44.064-1.574.142m-194.352.723c5.892.267 11.769.279 11.611.024-.095-.153-3.288-.245-7.096-.205-3.807.04-5.839.121-4.515.181m36.779.023c1.996.067 5.163.066 7.037-.001 1.873-.067.24-.122-3.631-.121-3.87 0-5.403.055-3.406.122m25.377.001c5.157.058 13.491.058 18.518 0 5.028-.058.808-.106-9.377-.106-10.186 0-14.299.048-9.141.106m35.792.185c-.097.255-.132 11.213-.078 24.352l.099 23.889.09-24.161.089-24.162 12.13-.103 12.13-.103-12.142-.087c-9.436-.068-12.18.016-12.318.375m52.7-.187c1.885.068 4.968.068 6.852 0 1.884-.067.343-.122-3.426-.122-3.768 0-5.31.055-3.426.122m71.005.184c-.098.256-.134 11.133-.079 24.17l.098 23.704.09-23.982.09-23.981h36.648l.116 5.648.116 5.648-.014-5.741-.014-5.74-18.436-.096c-14.552-.076-18.474.002-18.615.37M163.077 203.61c2.609.064 6.776.064 9.259 0 2.484-.064.349-.116-4.743-.116-5.093 0-7.125.052-4.516.116m168.889 0c2.609.064 6.776.064 9.259 0 2.484-.064.349-.116-4.744-.116-5.092 0-7.124.052-4.515.116m-71.865 5.279c0 .917.072 1.292.16.833a5.231 5.231 0 000-1.666c-.088-.459-.16-.084-.16.833m22.986 5.926l.061.926 4.259.017 4.26.018-4.143-.122c-3.931-.115-4.151-.163-4.32-.943-.152-.704-.169-.69-.117.104m-234.404 1.957c-.1.262-.136 3.387-.08 6.945l.103 6.468.184-6.945c.181-6.814.161-7.427-.207-6.468m38.085 1.376c0 .917.072 1.292.16.833a5.29 5.29 0 000-1.666c-.088-.459-.16-.084-.16.833m77.607 3.24c3.323.062 8.657.062 11.852 0 3.196-.062.477-.112-6.042-.112-6.518 0-9.133.051-5.81.112m174.69.006l11.657.098.117 5.736.116 5.736-.014-5.834-.015-5.834h-23.519l11.658.098m-51.56.724c.563.085 1.396.082 1.852-.005.455-.088-.005-.158-1.024-.155-1.018.003-1.391.074-.828.16m-11.116 57.026c.356.093.94.093 1.296 0 .357-.093.065-.169-.648-.169-.713 0-1.005.076-.648.169m-83.519 1.117a5.237 5.237 0 001.667 0c.458-.088.083-.16-.833-.16-.917 0-1.292.072-.834.16m60 0a5.237 5.237 0 001.667 0c.458-.088.083-.16-.833-.16-.917 0-1.292.072-.834.16m-5.74 29.994c.356.093.939.093 1.296 0 .356-.093.065-.169-.648-.169-.713 0-1.005.076-.648.169m89.259 0c.356.093.94.093 1.296 0 .357-.093.065-.169-.648-.169-.713 0-1.005.076-.648.169m-80.179.384c.666.082 1.666.081 2.223-.004.556-.084.011-.152-1.211-.15-1.222.002-1.677.071-1.012.154m71.665-.003c.563.085 1.397.083 1.852-.005.456-.088-.005-.157-1.023-.155-1.019.003-1.392.075-.829.16m-59.079.366a5.296 5.296 0 001.667 0c.458-.088.083-.16-.833-.16-.917 0-1.292.072-.834.16m47.778 0a5.296 5.296 0 001.667 0c.458-.088.083-.16-.834-.16-.916 0-1.291.072-.833.16"></path><path fill="#79a75c" d="M155.325 132.593c0 2.342.06 3.301.134 2.129a41.44 41.44 0 000-4.259c-.074-1.171-.134-.213-.134 2.13m5.587 13.703c0 9.676.048 13.635.106 8.797.059-4.838.059-12.755 0-17.593-.058-4.838-.106-.88-.106 8.796m21.09 44.26c0 3.259.057 4.543.126 2.852.068-1.69.068-4.357-.001-5.926s-.126-.186-.125 3.074m122.597 3.888c0 3.973.055 5.598.122 3.612.066-1.987.066-5.237 0-7.223-.067-1.986-.122-.361-.122 3.611m-.155 23.593c-.102 7.171-.058 12.91.098 12.755.155-.156.239-6.023.185-13.038L304.629 205l-.185 13.037m-122.442 9.185c0 3.259.057 4.543.126 2.853.068-1.69.068-4.357-.001-5.926s-.126-.186-.125 3.073m-116.535-4.738c.461.089 1.128.085 1.482-.007.354-.093-.023-.165-.838-.161-.815.004-1.104.08-.644.168m156.832 58.531c1.366.071 3.699.072 5.185.001 1.486-.07.368-.129-2.484-.129-2.852-.001-4.067.057-2.701.128"></path><path fill="#8caa64" d="M135.117 128.425c3.73.061 9.73.061 13.333 0 3.602-.06.55-.11-6.783-.11-7.334 0-10.281.05-6.55.11m30.923 0c2.609.064 6.776.064 9.259 0 2.484-.064.349-.117-4.743-.116-5.093 0-7.125.052-4.516.116m46.645-.003a41.44 41.44 0 004.259 0c1.172-.074.213-.134-2.129-.134-2.343 0-3.301.06-2.13.134m29.462.002c1.69.069 4.357.068 5.926-.001s.186-.125-3.073-.125c-3.259.001-4.543.057-2.853.126m22.205-.002c1.273.073 3.356.073 4.629 0 1.274-.072.232-.131-2.314-.131-2.547 0-3.588.059-2.315.131m-122.037 8.521c2.393.065 6.31.065 8.704 0 2.393-.064.435-.117-4.352-.117s-6.746.053-4.352.117m28.212.219c-.104.273-.133 1.815-.063 3.426l.128 2.931.074-3.228.075-3.227 3.611-.121 3.611-.121-3.623-.078c-2.74-.058-3.669.043-3.813.418m77.415 15.245c0 6.315.051 8.951.113 5.857.062-3.094.062-8.261 0-11.482s-.112-.689-.113 5.625m-33.312-2.037l-4.074.224 3.959.074c2.323.042 4.054-.08 4.189-.298.126-.203.177-.337.114-.297-.063.04-1.948.174-4.188.297m-44.11 7.593c.001 3.259.057 4.543.126 2.853s.069-4.357-.001-5.926c-.069-1.569-.125-.186-.125 3.073m116.985 37.858c.563.085 1.396.083 1.852-.005.455-.088-.005-.157-1.024-.155-1.018.003-1.391.075-.828.16m-123.13.753c3.323.061 8.657.061 11.852-.001 3.196-.061.477-.112-6.042-.111-6.518 0-9.133.05-5.81.112m39.103.251c-.112.291-.129.916-.039 1.389.126.661.176.583.214-.333l.051-1.193 5.092-.115 5.093-.114-5.104-.081c-4.134-.066-5.143.019-5.307.447m129.786-.251c3.323.061 8.656.061 11.852-.001 3.195-.061.477-.112-6.042-.111-6.518 0-9.133.05-5.81.112M327.166 200c0 1.731.064 2.44.142 1.574.078-.866.078-2.282 0-3.148-.078-.866-.142-.157-.142 1.574m-278.903.185c.002 1.222.071 1.678.154 1.012.082-.666.08-1.666-.004-2.222-.085-.557-.152-.012-.15 1.21m155.2 2.037c0 1.732.064 2.44.142 1.574.077-.865.077-2.282 0-3.148-.078-.866-.142-.157-.142 1.574m123.706 15.371c-.002 1.833.061 2.63.139 1.77.077-.86.078-2.36.002-3.333-.077-.974-.14-.271-.141 1.563m-123.725 2.037c0 1.12.07 1.578.155 1.018a8.264 8.264 0 000-2.037c-.085-.56-.155-.102-.155 1.019m.035 7.222c.001 2.852.059 3.969.13 2.484.07-1.486.07-3.819-.001-5.186-.071-1.366-.129-.15-.129 2.702m-95.748 6.213c.158.158 3.108.241 6.556.184l6.269-.103-6.557-.184c-3.606-.101-6.427-.055-6.268.103m46.436.175c5.041.059 13.291.059 18.333 0 5.042-.058.917-.105-9.167-.105-10.083 0-14.208.047-9.166.105m39.259-.001c1.782.068 4.699.068 6.481 0 1.783-.068.324-.124-3.24-.124-3.565 0-5.023.056-3.241.124m27.983 0c2.098.067 5.432.066 7.407 0 1.975-.067.258-.121-3.816-.12-4.074 0-5.69.054-3.591.12m22.017 0c1.782.068 4.699.068 6.481 0 1.783-.068.324-.124-3.24-.124-3.565 0-5.023.056-3.241.124m79.841.002c5.157.058 13.491.058 18.518-.001 5.028-.058.808-.105-9.378-.105-10.185 0-14.298.047-9.14.106m-258.36.733a16.31 16.31 0 002.778 0c.764-.08.139-.146-1.389-.146-1.527 0-2.152.066-1.389.146m221.852 0a16.31 16.31 0 002.778 0c.764-.08.139-.146-1.389-.146s-2.153.066-1.389.146m-15.185 45.541c.357.093.94.093 1.296 0 .357-.094.065-.17-.648-.17-.713 0-1.004.076-.648.17m-72.033 1.117c.461.089 1.128.086 1.482-.007.354-.093-.023-.165-.838-.161-.815.004-1.104.08-.644.168m47.778 0c.461.089 1.128.086 1.482-.007.354-.093-.023-.165-.838-.161-.815.004-1.105.08-.644.168m-33.523.382a40.9 40.9 0 004.26 0c1.171-.073.213-.133-2.13-.133s-3.301.06-2.13.133m18.162.001c1.179.074 3.012.073 4.074-.002 1.062-.074.098-.135-2.143-.134-2.241.001-3.11.062-1.931.136m9.806 28.877c.46.088 1.127.085 1.481-.008.354-.093-.023-.165-.838-.161-.814.004-1.104.08-.643.169m32.784 1.121c.974.077 2.474.076 3.334-.002.859-.077.062-.14-1.771-.139-1.833.001-2.537.065-1.563.141m35.185 0c.974.077 2.474.076 3.334-.002.859-.077.063-.14-1.771-.139-1.833.001-2.536.065-1.563.141"></path></g></svg><svg id="svg-oatFree" viewBox="0 0 400 400"><g fill-rule="evenodd"><path fill="#fad405" d="M299.37 122.185c-3.188 2.003-3.083 7.383.178 9.069 5.658 2.926 10.951-4.095 6.384-8.47-1.5-1.437-4.755-1.734-6.562-.599m-174.043 1.346c-4.061 2.068-1.543 8.561 2.814 7.256 2.024-.607 2.785-1.64 2.785-3.78 0-3.095-2.86-4.87-5.599-3.476m10.372-.222c-2.441 1.04-3.123 4.35-1.313 6.377 2.356 2.635 6.725.915 6.725-2.649 0-2.704-2.987-4.762-5.412-3.728m167.931 1.95c1.189 1.189.256 3.26-1.469 3.26-1.025 0-1.791-.85-1.791-1.987 0-1.381 2.266-2.266 3.26-1.273m-175.482 8.111c-7.914 1.545-13.167 9.382-11.921 17.783 2.638 17.771 29.394 17.796 31.911.03 1.656-11.691-7.87-20.18-19.99-17.813m-80 15.346v15.383l3.982-.105 3.981-.105v-9.89c0-5.439.12-9.769.266-9.622.147.147 1.593 4.097 3.214 8.778 1.62 4.682 3.144 9.059 3.385 9.728l.439 1.217 3.516-.106 3.517-.105 3.572-10.278 3.573-10.277.098 10.37.098 10.37h8.507v-30.741H73.441l-3.109 9.258c-1.711 5.092-3.198 9.259-3.305 9.259-.107.001-1.607-4.163-3.333-9.254l-3.138-9.256-6.204-.003-6.204-.004v15.383m54.445-4.977c0 11.298-.113 11.983-2.116 12.896-2.287 1.042-7.53-.3-8.74-2.236-.82-1.314-.996-.685-.996 3.555 0 4.943-.02 4.915 4.079 5.966 4.522 1.16 9.928.307 12.609-1.988 3.217-2.753 3.682-5.088 3.682-18.482v-10.117h-8.518v10.406m51.111 4.965v15.37h22.592v-7.407h-14.074v-23.334h-8.518v15.371m27.037 0v15.37h8.148v-5.926c0-3.259.125-5.917.278-5.906.152.012 2.277 2.671 4.722 5.91l4.444 5.89 5.309.016c3.127.009 5.258-.126 5.185-.329-.068-.19-2.844-3.699-6.17-7.798-4.127-5.087-5.941-7.594-5.713-7.896.183-.243 2.863-3.561 5.954-7.372 3.091-3.811 5.621-7.019 5.621-7.129 0-.11-2.292-.194-5.093-.185l-5.093.016-4.444 5.894c-2.445 3.242-4.57 5.902-4.722 5.911-.153.008-.278-2.651-.278-5.911v-5.926h-8.148v15.371m46.666 0v15.37h8.129l.102-5.463.103-5.463 5.74-.185 5.741-.185v-6.667l-5.741-.185-5.74-.185-.11-2.5-.109-2.5h14.848v-7.408h-22.963v15.371m28.519 0v15.37h8.518v-10h3.154l2.772 5 2.773 5h4.764c3.662 0 4.723-.107 4.583-.463-.1-.255-1.605-2.705-3.345-5.446l-3.164-4.983 1.617-.943c5.92-3.451 5.834-13.936-.142-17.172-2.564-1.388-5.316-1.734-13.82-1.734h-7.71v15.371m36.297-.66c-3.321 8.104-6.116 15.025-6.211 15.382-.157.59.212.648 4.099.648h4.272l.709-2.13.71-2.129 6.326-.101 6.325-.102.634 1.953c.86 2.65.628 2.547 5.448 2.429l4.289-.105-6.225-15.185-6.226-15.185-4.056-.105-4.057-.104-6.037 14.734m30.74.66v15.37h8.136l.099-10.093.098-10.092 5.094 10.092 5.094 10.093h9.627v-30.766l-3.981.105-3.982.106v8.611c0 4.736-.085 8.611-.189 8.611s-2.145-3.917-4.536-8.704l-4.347-8.704h-11.113v15.371m-186.409-7.115c4.547 3.15 4.539 11.084-.014 14.239-3.664 2.54-9.183 1.044-11.175-3.028-3.787-7.74 4.384-15.927 11.189-11.211m135.441-.43c1.303.594 1.924 2.242 1.358 3.608-.621 1.5-1.797 1.9-5.593 1.9h-3.316v-5.926h3.316c1.824 0 3.73.188 4.235.418m32.016 6.655c1.881 5.28 2.075 4.834-2.049 4.701l-3.318-.108 1.655-4.537c.91-2.495 1.759-4.537 1.885-4.537.127 0 .949 2.017 1.827 4.481M62.037 184.656c-9.164 2.012-14.198 8.491-13.362 17.196.779 8.117 5.598 11.771 17.066 12.945 6.017.615 8.333 1.682 8.333 3.84 0 5.552-15.499 4.815-23.262-1.106-1.613-1.23-1.515-1.605-1.57 5.997-.056 7.651-.351 7.018 3.973 8.512 4.993 1.725 15.335 2.315 20.674 1.18 9.15-1.946 13.837-8.061 13.009-16.971-.766-8.237-5.037-11.553-16.873-13.098-6.985-.911-8.173-1.476-8.173-3.885 0-5.234 12.806-5.103 20.038.207l1.814 1.331v-13.748l-1.12-.579c-3.922-2.028-15.094-3.018-20.547-1.821m220.741-.375c-.408.094-1.658.352-2.778.574-24.916 4.936-26.249 41.017-1.763 47.735 7.163 1.965 17.736 1.535 24.541-.998l1.852-.689.097-13.044.097-13.044h-21.12v10.741h8.547l-.107 3.24-.107 3.241-3.889-.047c-10.28-.126-16.311-7.81-13.559-17.277 2.808-9.659 18.216-12.173 28.099-4.585.97.745 1.845 1.353 1.945 1.353.1 0 .182-3.23.182-7.179v-7.179l-1.945-.777c-4.194-1.677-16.348-2.925-20.092-2.065M90 184.995c0 .152 11.202 30.003 16.442 43.814l1.585 4.18 6.618.02 6.618.021 8.988-23.83c4.943-13.106 8.992-23.955 8.998-24.107.006-.153-3.047-.278-6.785-.278h-6.795l-5.316 15.37c-2.925 8.454-5.409 15.37-5.52 15.37-.112 0-2.601-6.917-5.531-15.37l-5.328-15.37h-6.987c-3.843 0-6.987.081-6.987.18m55.556 23.986v24.167h36.666v-11.656l-11.759-.098-11.759-.098-.107-3.426-.106-3.426h18.546v-10.727l-9.167-.099-9.166-.099v-7.038l11.759-.097 11.759-.098v-11.471h-36.666v24.166m45.185 0v24.167h12.963v-15.773l2.63.109 2.631.109 4.314 7.711 4.314 7.711 7.685.067c4.227.036 7.685.037 7.685.001 0-.066-9.138-14.581-10.2-16.201-.56-.856-.535-.893 1.203-1.73 8.359-4.03 10.403-18.106 3.693-25.435-3.805-4.155-7.502-4.902-24.263-4.902h-12.655v24.166m49.349-.073l.095 24.093h12.963l.095-24.093.096-24.093h-13.344l.095 24.093m74.354.073v24.167l18.241-.085 18.241-.085.102-5.748.102-5.749h-23.723v-7.024l9.167-.099 9.167-.099.103-5.278.102-5.277h-18.565l.106-3.611.106-3.612 11.759-.097 11.759-.098v-11.471h-36.667v24.166m-98.431-11.953c1.449.706 2.197 2.05 2.197 3.95 0 3.74-1.67 4.578-9.124 4.578h-5.382v-4.383c0-2.411.125-4.51.277-4.665.471-.479 10.907-.028 12.032.52M15.926 259.716c0 .821 3.599 10.492 4.808 12.921l1.588 3.188 6.709 1.566c50.758 11.853 105.78 22.062 144.673 26.842 52.471 6.449 122.837 8.552 173.333 5.179 4.787-.319 9.601-.626 10.697-.682l1.993-.1 3.091-4.661c7.082-10.678 13.388-22.858 16.036-30.975.881-2.698.888-2.737.465-2.476-1.437.889-37.951 4.528-63.393 6.319-82.177 5.783-124.144 5.414-190.741-1.678-26.642-2.837-52.906-6.256-78.333-10.196-13.537-2.098-30.173-4.912-30.601-5.176-.179-.111-.325-.143-.325-.071"></path><path fill="#046bbb" d="M185.926 5.779c-.713.078-3.13.316-5.37.529C98.638 14.065 29.525 75.071 11.264 155.741c-6.236 27.552-6.229 58.401.02 86.014 1.425 6.296 4.506 17.137 5.017 17.654.707.714 33.679 5.939 63.329 10.036 16.791 2.32 41.152 5.068 63.889 7.208 26.169 2.463 58.551 4.088 81.476 4.088 37.493-.001 126.261-5.933 153.222-10.24l1.365-.218 1.678-4.58c34.296-93.66-7.773-197.826-97.371-241.097-20.248-9.779-39.223-15.269-62.778-18.164-4.704-.578-31.389-1.081-35.185-.663M304.807 121.76c1.837.923 2.971 2.782 2.969 4.869-.004 5.835-7.691 7.778-10.424 2.636-2.512-4.728 2.646-9.921 7.455-7.505m-175.069 1.949c3.124 2.458 1.414 7.402-2.56 7.402-2.51 0-4.03-1.537-4.03-4.074 0-3.461 3.91-5.435 6.59-3.328m10.349.335c2.809 2.51.962 7.067-2.865 7.067-1.305 0-1.91-.228-2.864-1.081-2.81-2.51-.963-7.067 2.864-7.067 1.305 0 1.911.228 2.865 1.081m160.901 1.388c-.563.563-.227 2.33.518 2.729.816.437 2.568-.353 2.568-1.157 0-1.391-2.164-2.494-3.086-1.572m-164.777 7.719c16.974 4.002 16.316 28.123-.854 31.332-8.407 1.57-16.663-3.185-18.871-10.869-3.587-12.484 6.997-23.464 19.725-20.463m-75.577.271c.198.257 1.678 4.341 3.289 9.076 1.611 4.735 3.016 8.61 3.123 8.611.106.001 1.521-4.005 3.144-8.902 2.41-7.272 3.087-8.937 3.695-9.081.41-.097 3.328-.132 6.485-.077l5.741.099.097 15.648.096 15.648h-8.526l-.023-10.277-.023-10.278-1.456 4.074c-.801 2.241-2.416 6.824-3.59 10.185l-2.133 6.111h-7.398l-3.337-9.629-3.337-9.63-.098 9.734-.099 9.735-4.161-.105-4.16-.105-.097-15.185c-.053-8.351-.021-15.382.072-15.624.248-.646 12.199-.672 12.696-.028m50.39 11.001c.111 12.749-.058 13.944-2.346 16.618-3.375 3.943-11.112 4.989-16.548 2.239l-1.389-.702v-9.321l1.362 1.195c1.762 1.548 3.597 2.298 5.675 2.321 4.455.049 4.603-.356 4.732-12.884.127-12.283-.402-10.987 4.43-10.852l3.986.111.098 11.275m51.111.299l.098 11.574h14.459l-.105 3.982-.106 3.981-11.388.098-11.389.098v-15.499c0-8.525.121-15.62.268-15.768.148-.147 2.023-.217 4.167-.154l3.898.114.098 11.574m27.124-5.79l.185 5.783 4.448-5.783 4.448-5.784 5.274-.065c2.901-.036 5.275.052 5.275.195 0 .144-2.667 3.564-5.926 7.602-3.259 4.037-5.926 7.449-5.925 7.582 0 .133 2.75 3.619 6.111 7.747 3.361 4.128 6.11 7.674 6.11 7.88 0 .241-1.954.339-5.453.273l-5.453-.103-4.547-5.876-4.547-5.875v11.96l-4.352-.104-4.351-.105-.097-15.185c-.054-8.351-.014-15.4.087-15.663.138-.361 1.208-.452 4.356-.371l4.172.108.185 5.784m61.402-1.802l.105 3.981h-14.84v4.445h11.481v7.777h-11.461l-.103 5.463-.102 5.463h-8.519l-.097-15.185c-.053-8.351-.018-15.389.078-15.639.134-.348 2.884-.435 11.764-.371l11.589.084.105 3.982m24.825-3.248c6.981 2.146 9.128 12.096 3.738 17.322-.998.967-2.065 1.759-2.371 1.759-.805 0-.859-.108 2.777 5.576 4.116 6.437 4.244 5.905-1.424 5.905-5.613 0-4.919.48-8.326-5.752l-2.435-4.456-1.501.143-1.5.143v9.922h-8.518v-15.493c0-8.522.125-15.624.278-15.784.536-.559 17.142.057 19.282.715m37.322 14.637c3.481 8.453 6.218 15.5 6.082 15.66-.136.159-2.226.243-4.644.185l-4.396-.105-.847-2.222-.848-2.222-6.089.109-6.09.11-.703 2.113-.704 2.112-4.507.104c-2.998.069-4.506-.027-4.506-.289 0-.721 12.328-30.551 12.741-30.829.224-.151 2.156-.234 4.294-.185l3.886.088 6.331 15.371m21.113-15.273c.222.15 2.343 4.085 4.715 8.745l4.313 8.473.1-8.658.099-8.658h8.148v31.111l-4.9.104-4.9.103-3.307-6.585c-1.819-3.622-4.114-8.103-5.1-9.96l-1.793-3.374v19.712l-4.166.105c-3.195.08-4.169-.006-4.175-.37-.099-5.903.079-30.477.223-30.709.24-.389 10.172-.425 10.743-.039m-205.496 8.261c-5.943 3.137-4.471 13.89 2.068 15.111 6.292 1.176 10.844-4.498 8.761-10.917-1.435-4.421-6.606-6.423-10.829-4.194m136.019 2.197v2.592h3.704c4.183 0 5.185-.501 5.185-2.592 0-2.092-1.002-2.593-5.185-2.593h-3.704v2.593m36.042 4.375c-1.83 5.085-2.041 4.569 1.815 4.436l3.134-.108-1.517-4.139c-.834-2.276-1.599-4.22-1.699-4.32-.1-.1-.88 1.759-1.733 4.131m-226.161 36.02c3.417.466 6.432 1.278 8.36 2.252l1.389.701v7.03c0 3.866-.082 7.029-.182 7.029-.1 0-.975-.609-1.944-1.352-6.003-4.607-18.087-5.567-19.743-1.568-1.087 2.622.73 3.762 7.35 4.613 12.195 1.568 16.758 5.054 17.661 13.494.735 6.86-2.484 12.787-8.464 15.586-6.632 3.103-20.479 2.905-27.548-.394l-2.315-1.081v-7.056c0-3.881.125-7.057.279-7.057.153 0 1.063.558 2.021 1.239 8.173 5.811 22.998 6.376 22.44.855-.181-1.79-1.539-2.475-6.085-3.068-15.173-1.982-18.84-4.928-18.84-15.137 0-12.109 9.777-18.247 25.621-16.086m223.622.529c1.62.34 3.87.99 5 1.444l2.053.825.101 7.173c.113 8.076.007 8.441-1.95 6.723-8.952-7.86-25.21-5.811-28.163 3.55-3.094 9.807 2.966 17.489 13.808 17.504l3.056.005v-5.926h-8.519v-11.111h21.852v25.967l-1.944.857c-6.709 2.957-18.864 3.272-26.674.691-22.031-7.282-21.574-40.09.655-46.983 5.646-1.75 14.37-2.053 20.725-.719m-188.538 15.064c4.89 14.106 5.769 16.402 5.781 15.092.002-.289 2.319-7.191 5.147-15.34l5.143-14.814 7.12-.101c6.663-.094 7.109-.059 6.939.555-.136.49-16.387 43.743-17.885 47.601-.227.585-.917.648-7.028.648h-6.776l-.364-1.018c-.2-.56-4.3-11.463-9.11-24.228-4.811-12.765-8.746-23.31-8.746-23.434 0-.123 3.275-.179 7.278-.124l7.279.101 5.222 15.062m73.184-9.136v6.111h-23.704v6.653l9.167.099 9.166.1.103 5.462.102 5.463h-18.538v6.657l11.759.098 11.759.097.102 6.019.102 6.018h-37.426v-48.889h37.408v6.112m37.729-5.268c7.822 2.338 11.53 7.467 11.53 15.949 0 6.363-2.81 11.62-7.465 13.968-.885.447-1.656.852-1.713.901-.057.049 1.948 3.32 4.456 7.269 2.507 3.949 4.943 7.806 5.411 8.569l.853 1.389h-15.918l-4.386-7.828-4.386-7.829-2.315-.042-2.315-.041v15.74H190.37v-48.944l13.982.152c11.435.125 14.343.261 15.97.747m33.023 23.601v24.259l-6.858.101-6.857.101v-24.206c0-13.313.114-24.32.255-24.461.14-.14 3.226-.209 6.857-.154l6.603.101v24.259m97.766-18.333v6.111h-23.333v6.666h18.148v11.111h-18.148v6.667h23.333v12.222h-37.037v-48.889h37.037v6.112m-147.037 10.567v4.535l5.278-.186c7.84-.275 9.744-1.589 8.469-5.844-.737-2.459-1.562-2.756-8.082-2.908l-5.665-.132v4.535M23.86 278.981c26.541 58.189 81.114 100.061 143.918 110.425 23.891 3.942 51.379 3.187 74.745-2.054 41.493-9.305 79.977-33.149 106.989-66.286 3.881-4.761 9.119-11.817 8.92-12.016-.09-.09-3.399.078-7.353.373-51.56 3.849-125.851 1.64-181.079-5.383-36.682-4.665-88.344-14.245-135.772-25.176-6.128-1.412-11.244-2.568-11.368-2.568-.124 0 .326 1.209 1 2.685"></path><path fill="#659c6a" d="M301.574 121.366c.357.094.94.094 1.296 0 .357-.093.065-.169-.648-.169-.713 0-1.004.076-.648.169m-112.615 17.801c-.039 3.31.055 6.019.208 6.019.152 0 .234-1.791.18-3.982-.181-7.374-.318-8.092-.388-2.037m61.548-2.13c0 2.139.062 3.014.136 1.944a33.62 33.62 0 000-3.888c-.074-1.07-.136-.195-.136 1.944m-14.792 6.296l.026 2.408 5.926.015 5.926.015-5.817-.117-5.817-.117-.134-2.306-.135-2.305.025 2.407m46.223.371c0 .713.076 1.004.169.648.093-.357.093-.94 0-1.296-.093-.357-.169-.065-.169.648m-34.8 6.296c0 .917.072 1.292.16.833a5.231 5.231 0 000-1.666c-.088-.459-.16-.084-.16.833m-58.179 8.241c.07 6.055.207 5.336.388-2.038.054-2.19-.028-3.982-.18-3.982-.153.001-.247 2.71-.208 6.02m46.759-4.797c-.101.264-.133 2.806-.069 5.648l.114 5.167.082-5.453.081-5.454 5.833-.112 5.834-.112-5.845-.083c-4.51-.063-5.887.028-6.03.399m-59.285 6.926c0 2.139.062 3.014.136 1.945.075-1.07.075-2.82 0-3.889-.074-1.07-.136-.195-.136 1.944M68.056 183.965a5.29 5.29 0 001.666 0c.459-.088.084-.16-.833-.16-.917 0-1.292.072-.833.16m219.074.004c.56.085 1.476.085 2.037 0 .56-.085.102-.154-1.019-.154-1.12 0-1.579.069-1.018.154m-197.259.753c-.095.153 1.937.235 4.515.182 8.65-.178 9.555-.314 2.58-.387-3.807-.04-7 .052-7.095.205m38.277-.024c5.924.267 11.398.279 11.24.024-.095-.153-3.204-.245-6.91-.205-3.705.04-5.654.121-4.33.181m26.6.024c5.158.058 13.491.058 18.519 0 5.027-.058.807-.106-9.378-.106s-14.299.048-9.141.106m35.864 0c-.094.153 3.354.236 7.664.184 14.613-.176 16.02-.303 4.246-.382-6.456-.044-11.815.045-11.91.198m52.629-.002c1.884.068 4.967.068 6.852 0 1.884-.067.342-.122-3.426-.122-3.769 0-5.311.055-3.426.122m71.003.187c-.097.255-.132 11.213-.078 24.352l.099 23.889.09-24.163.089-24.163 18.426-.1 18.426-.099-18.437-.089c-14.475-.07-18.476.01-18.615.373m-230.541 8.907l.184 7.112.102-6.825c.056-3.753-.027-6.954-.184-7.112-.158-.158-.204 2.913-.102 6.825m204.357 2.004c.461.088 1.127.085 1.481-.008.354-.093-.022-.165-.837-.161-.815.004-1.105.08-.644.169m-129.384.972c-.104.272-.133 1.897-.064 3.611l.126 3.118.076-3.421.075-3.421 11.759-.103 11.759-.103-11.77-.088c-9.53-.07-11.807.007-11.961.407m45.188-.008c-.102.267-.132 2.392-.067 4.722l.119 4.237.079-4.527.079-4.526 4.907-.115 4.908-.115-4.919-.081c-3.775-.062-4.963.032-5.106.405m129.77-.208c3.323.061 8.657.061 11.852-.001 3.196-.061.477-.112-6.042-.111-6.518 0-9.133.05-5.81.112M327.537 200c0 1.731.064 2.44.142 1.574.078-.866.078-2.282 0-3.148-.078-.866-.142-.157-.142 1.574m-95.934.926c.002 1.426.069 1.964.149 1.195.08-.768.079-1.935-.003-2.592-.082-.658-.148-.029-.146 1.397m51.799 9.145c-.038 2.992.056 5.519.209 5.614.153.095.234-1.52.18-3.59-.177-6.808-.32-7.55-.389-2.024m-22.946-1.182c0 .713.077 1.005.17.648.093-.356.093-.94 0-1.296-.093-.357-.17-.065-.17.648m-101.804 8.889c0 1.935.062 2.727.139 1.759a27.17 27.17 0 000-3.518c-.077-.968-.139-.176-.139 1.759m168.887-.185c-.001 1.833.061 2.63.139 1.77.078-.86.079-2.36.002-3.333-.076-.974-.14-.271-.141 1.563m-278.497 5.555c0 3.667.056 5.117.123 3.222a109.74 109.74 0 00-.001-6.667c-.067-1.772-.122-.222-.122 3.445m242.921-4.629c0 1.12.069 1.578.154 1.018a8.168 8.168 0 000-2.037c-.085-.56-.154-.102-.154 1.019m-88.101 6.851c0 4.482.053 6.264.118 3.961.065-2.303.065-5.969 0-8.148-.065-2.178-.119-.294-.118 4.187m86.694-3.518l-1.482.265 1.367.053c.752.029 1.47-.114 1.596-.318.126-.204.177-.347.114-.318-.062.029-.781.172-1.595.318m-225.086.639c.665.082 1.665.08 2.222-.004.556-.085.012-.152-1.211-.15-1.222.002-1.677.071-1.011.154m200.826 3.18c0 .064.542.606 1.204 1.204l1.204 1.088-1.088-1.204c-1.014-1.122-1.32-1.374-1.32-1.088m-183.542 3.31l-1.087 1.204 1.203-1.088c.662-.598 1.204-1.14 1.204-1.203 0-.286-.306-.035-1.32 1.087m28.635 4.258c1.68.068 4.43.068 6.111 0 1.681-.069.306-.125-3.056-.125-3.361 0-4.736.056-3.055.125m43.729.001c4.954.059 12.954.059 17.778 0 4.824-.058.771-.106-9.007-.106s-13.725.048-8.771.106m39.067-.001c1.792.068 4.626.068 6.296-.001 1.671-.068.204-.124-3.259-.123-3.463 0-4.83.056-3.037.124m27.594 0c2.099.067 5.432.066 7.407 0 1.976-.067.258-.121-3.816-.12-4.074 0-5.69.054-3.591.12m21.832 0c1.681.068 4.431.068 6.111 0 1.681-.069.306-.125-3.055-.125s-4.736.056-3.056.125m80 .001c4.94.059 13.023.059 17.963 0 4.94-.058.898-.106-8.981-.106-9.88 0-13.922.048-8.982.106m-259.996.726c.461.088 1.128.085 1.482-.008.354-.093-.023-.165-.838-.161-.815.004-1.104.08-.644.169m4.626-.007c.356.093.94.093 1.296 0 .357-.093.065-.169-.648-.169-.713 0-1.005.076-.648.169m217.226.007c.461.088 1.128.085 1.482-.008.354-.093-.023-.165-.838-.161-.815.004-1.104.08-.644.169m4.07-.001a5.296 5.296 0 001.667 0c.458-.088.083-.16-.834-.16-.916 0-1.291.072-.833.16m19.444 43.327c.357.094.94.094 1.297 0 .356-.093.065-.169-.648-.169-.713 0-1.005.076-.649.169m-5.925.371c.356.093.939.093 1.296 0 .356-.093.065-.17-.648-.17-.713 0-1.005.077-.648.17m-142.593.74c.356.094.94.094 1.296 0 .357-.093.065-.169-.648-.169-.713 0-1.005.076-.648.169m130.93.007c.461.089 1.128.085 1.482-.007.354-.093-.023-.166-.838-.161-.815.004-1.105.08-.644.168m-125.745.364c.357.093.94.093 1.296 0 .357-.093.065-.17-.648-.17-.713 0-1.004.077-.648.17m118.704.006a5.296 5.296 0 001.667 0c.458-.088.083-.161-.834-.161-.916 0-1.291.073-.833.161m-107.403.741c.46.089 1.127.085 1.481-.007.354-.093-.023-.165-.837-.161-.815.004-1.105.08-.644.168m93.699 0a5.296 5.296 0 001.667 0c.458-.089.083-.161-.834-.161-.916 0-1.291.072-.833.161m-87.037.37a5.296 5.296 0 001.667 0c.458-.088.083-.16-.834-.16-.916 0-1.291.072-.833.16m79.079.004c.563.086 1.397.083 1.852-.005.456-.088-.005-.157-1.023-.154-1.019.002-1.392.074-.829.159m-71.857.36c.357.093.94.093 1.297 0 .356-.093.064-.169-.649-.169-.712 0-1.004.076-.648.169m64.445 0c.356.093.94.093 1.296 0 .357-.093.065-.169-.648-.169-.713 0-1.005.076-.648.169m-54.815.381c.56.085 1.477.085 2.037 0 .56-.085.102-.155-1.019-.155-1.12 0-1.578.07-1.018.155m45.37-.004a5.296 5.296 0 001.667 0c.458-.089.083-.161-.833-.161-.917 0-1.292.072-.834.161m-27.222.386c3.412.061 8.995.061 12.408 0 3.412-.061.62-.111-6.204-.111s-9.616.05-6.204.111m-17.037 26.274c.357.094.94.094 1.296 0 .357-.093.065-.169-.648-.169-.713 0-1.004.076-.648.169m14.445 1.111c.356.094.939.094 1.296 0 .356-.093.065-.169-.648-.169-.713 0-1.005.076-.648.169m17.222 1.118a5.29 5.29 0 001.666 0c.459-.089.084-.161-.833-.161-.917 0-1.292.072-.833.161m114.259-.006c.356.093.94.093 1.296 0 .357-.094.065-.17-.648-.17-.713 0-1.004.076-.648.17m-107.037.38c.56.085 1.477.085 2.037 0 .56-.085.102-.154-1.019-.154-1.12 0-1.578.069-1.018.154m100.926-.004a5.296 5.296 0 001.667 0c.458-.088.083-.16-.834-.16-.916 0-1.291.072-.833.16m-92.588.371c.46.089 1.127.085 1.481-.008.354-.092-.023-.165-.838-.161-.814.005-1.104.08-.643.169m9.255.376c.662.082 1.745.082 2.407 0 .662-.082.12-.149-1.204-.149-1.324 0-1.865.067-1.203.149m67.784.001c.666.082 1.666.081 2.222-.004.557-.084.012-.152-1.21-.15-1.222.002-1.678.071-1.012.154m-54.066.376c1.281.073 3.281.072 4.444-.001 1.164-.073.115-.133-2.329-.132-2.445.001-3.396.061-2.115.133m39.443 0c1.179.074 3.012.073 4.074-.002 1.062-.074.098-.135-2.143-.134-2.241.001-3.11.062-1.931.136"></path><path fill="#338e7f" d="M227.207 148.704c0 8.555.048 12.002.107 7.66.06-4.342.06-11.342 0-15.556-.059-4.213-.108-.66-.107 7.896m124.073-.371c0 8.352.049 11.822.108 7.71.06-4.111.06-10.944.001-15.185-.06-4.24-.109-.877-.109 7.475m-111.723-7.316c2.099.066 5.432.066 7.407 0 1.975-.067.258-.121-3.816-.121-4.074.001-5.69.055-3.591.121m26.276-.005c.866.078 2.283.078 3.148 0 .866-.078.158-.142-1.574-.142-1.731 0-2.439.064-1.574.142m-126.11 7.692c.004.815.08 1.104.169.644.088-.461.085-1.128-.008-1.482-.093-.354-.165.023-.161.838m5.637 60c0 13.24.046 18.603.103 11.917.056-6.686.056-17.519 0-24.074-.057-6.554-.103-1.084-.103 12.157m37.012-18.148c.001 3.259.057 4.543.126 2.852.069-1.69.068-4.357-.001-5.926s-.125-.186-.125 3.074m8.173 18.333c0 13.139.046 18.514.103 11.944.057-6.569.057-17.319 0-23.889-.057-6.569-.103-1.194-.103 11.945m137.183-5.456c.157.156 4.357.239 9.334.184l9.049-.099-9.334-.185c-5.133-.102-9.205-.057-9.049.1m-164.281.177c2.61.064 6.776.064 9.26 0 2.483-.064.349-.116-4.744-.116s-7.125.052-4.516.116m124.317 12.216c2.482.082 3.991.289 4.195.577.228.321.276.29.169-.107-.122-.449-.927-.559-4.195-.576l-4.044-.022 3.875.128m39.963 5.383c.156.156 5.523.239 11.927.185l11.642-.098-11.926-.185c-6.559-.102-11.799-.058-11.643.098m-157.181.185l11.657.098.117 5.736.117 5.736-.015-5.834-.015-5.834h-23.518l11.657.098m22.51 58.861c.356.093.939.093 1.296 0 .356-.093.065-.169-.648-.169-.713 0-1.005.076-.648.169m60 0c.356.093.939.093 1.296 0 .356-.093.065-.169-.648-.169-.713 0-1.005.076-.648.169"></path><path fill="#067f96" d="M47.947 133.426c-.098.255-.134 7.297-.081 15.648l.097 15.185 4.167.019 4.168.019-4.075-.123-4.075-.124v-30.674l1.574-.142 1.574-.142-1.585-.064c-.98-.04-1.654.112-1.764.398m5.664-.189a48.97 48.97 0 004.63 0c1.273-.072.231-.131-2.315-.131s-3.588.059-2.315.131m21.864-.001c1.077.075 2.743.075 3.704-.001.961-.076.08-.138-1.957-.137-2.037.001-2.823.063-1.747.138m7.581-.008c.56.085 1.476.085 2.037 0 .56-.085.101-.154-1.019-.154-1.12 0-1.579.069-1.018.154m21.111.005c.764.08 2.014.08 2.777 0 .764-.08.139-.146-1.388-.146-1.528 0-2.153.066-1.389.146m51.481.002c.968.076 2.551.076 3.519 0 .967-.076.176-.139-1.76-.139-1.935 0-2.726.063-1.759.139m24.892.191c-.098.255-.135 7.297-.081 15.648l.097 15.185 4.352.019 4.353.018-4.26-.123-4.26-.122v-30.688l3.055-.124 3.056-.125-3.067-.076c-2.172-.053-3.119.06-3.245.388m21.219-.195c.662.082 1.746.082 2.408 0 .662-.082.12-.149-1.204-.149-1.324 0-1.866.067-1.204.149m4.26-.013c.356.093.939.093 1.296 0 .356-.093.065-.169-.648-.169-.713 0-1.005.076-.648.169m22.227.011c.563.085 1.396.083 1.852-.005.455-.088-.005-.158-1.024-.155-1.018.003-1.391.075-.828.16m4.823.008c1.179.074 3.012.073 4.074-.001 1.062-.075.098-.135-2.143-.134-2.241 0-3.11.061-1.931.135m11.109-.001c.974.076 2.474.075 3.333-.002.86-.078.063-.141-1.77-.14-1.834.002-2.537.065-1.563.142m14.82.003c1.588.069 4.088.069 5.556-.001s.168-.127-2.887-.127c-3.056.001-4.257.058-2.669.128m8.872-.021c.357.093.94.093 1.297 0 .356-.093.064-.169-.648-.169-.713 0-1.005.076-.649.169m31.667.013c.662.082 1.745.082 2.407 0 .662-.082.121-.149-1.203-.149s-1.866.067-1.204.149m4.444-.007a5.237 5.237 0 001.667 0c.458-.088.083-.16-.833-.16-.917 0-1.292.072-.834.16m21.852.014c1.477.07 3.894.07 5.371 0 1.477-.07.268-.128-2.685-.128-2.954 0-4.163.058-2.686.128m20.741-.004c.866.078 2.282.078 3.148 0 .866-.078.158-.142-1.574-.142-1.731 0-2.44.064-1.574.142m-215 7.392c.357.093.94.093 1.296 0 .357-.093.065-.17-.648-.17-.713 0-1.004.077-.648.17m199.784 4.436c-.136.136-.247 4.463-.247 9.617v9.371l-3.981.123-3.982.123 4.074-.019 4.074-.018.185-9.722c.102-5.348.172-9.723.155-9.723-.017.001-.142.112-.278.248m-65.525 1.505c.866.078 2.283.078 3.148 0 .866-.077.158-.141-1.574-.141-1.731 0-2.439.064-1.574.141m-.736 7.769c.461.089 1.127.085 1.481-.007.354-.093-.022-.166-.837-.162-.815.005-1.105.08-.644.169m-99.078 2.236c1.986.067 5.236.067 7.222 0 1.986-.066.361-.121-3.611-.121-3.973 0-5.598.055-3.611.121m132.777 3.333a90.23 90.23 0 006.111 0c1.681-.068.306-.125-3.055-.125s-4.736.057-3.056.125M290 164.074l-4.63.22 4.516.075c2.694.045 4.607-.074 4.744-.295.126-.204.177-.337.114-.295-.063.041-2.198.174-4.744.295m24.444 0l-4.629.22 4.515.075c2.695.045 4.607-.074 4.744-.295.126-.204.177-.337.115-.295-.063.041-2.198.174-4.745.295m26.992.104c.16.159 2.444.242 5.076.184l4.784-.106-5.075-.183c-2.791-.101-4.945-.054-4.785.105m-276.331.17c1.076.075 2.743.074 3.704-.002.96-.076.08-.138-1.957-.137-2.037.001-2.823.064-1.747.139m14.817.001c1.281.072 3.281.072 4.444-.002 1.164-.073.115-.132-2.329-.132-2.444.001-3.396.061-2.115.134m79.453.002c3.221.062 8.388.062 11.481 0 3.094-.062.459-.112-5.856-.112-6.315 0-8.846.051-5.625.112m41.846-.001c1.588.069 4.088.069 5.555-.001 1.468-.07.168-.127-2.887-.127-3.056.001-4.256.058-2.668.128m28.131-.002a41.44 41.44 0 004.259 0c1.171-.074.213-.134-2.13-.134-2.342 0-3.3.06-2.129.134m28.718.001c1.281.072 3.281.072 4.445-.002 1.163-.073.115-.132-2.33-.132-2.444.001-3.396.061-2.115.134m17.578 0c1.375.071 3.625.071 5 0 1.375-.072.25-.13-2.5-.13s-3.875.058-2.5.13m-35.844 44.725c0 13.445.047 18.891.103 12.103.057-6.788.057-17.788 0-24.445-.056-6.656-.103-1.102-.103 12.342m64.934-15.106c.083 5.616-.001 7.342-.371 7.603-.367.259-.35.302.077.186.61-.166 1.058-14.181.472-14.768-.158-.158-.238 2.983-.178 6.979m-127.553 15.106c.001 3.056.058 4.256.128 2.668.069-1.588.069-4.088-.001-5.555-.07-1.468-.127-.168-.127 2.887m127.797 8.704c0 7.231.049 10.19.11 6.574.061-3.616.061-9.533 0-13.148-.061-3.616-.11-.658-.11 6.574m-217.834.37c0 1.121.069 1.579.154 1.019a8.168 8.168 0 000-2.037c-.085-.561-.154-.102-.154 1.018m118.13-.475c.56.085 1.477.085 2.037 0 .56-.085.102-.155-1.019-.155-1.12 0-1.578.07-1.018.155m-25.556 61.842c.357.093.94.093 1.297 0 .356-.094.064-.17-.649-.17-.713 0-1.004.076-.648.17m87.778 0c.356.093.94.093 1.296 0 .357-.094.065-.17-.648-.17-.713 0-1.004.076-.648.17m-72.222.74c.356.093.94.093 1.296 0 .357-.093.065-.169-.648-.169-.713 0-1.005.076-.648.169m55.555 0c.357.093.94.093 1.297 0 .356-.093.064-.169-.649-.169-.712 0-1.004.076-.648.169m-45.555.385c.764.08 2.014.08 2.778 0 .763-.08.138-.145-1.389-.145-1.528 0-2.153.065-1.389.145m35.741-.002c.662.082 1.745.082 2.407 0 .662-.082.12-.149-1.204-.149-1.324 0-1.866.067-1.203.149m3.888 29.617c.357.093.94.093 1.297 0 .356-.093.065-.169-.648-.169-.713 0-1.005.076-.649.169m21.301.748c.461.088 1.127.085 1.482-.008.354-.092-.023-.165-.838-.161-.815.004-1.105.08-.644.169m52.963 0c.461.088 1.127.085 1.481-.008.355-.092-.022-.165-.837-.161-.815.004-1.105.08-.644.169m-30.745.385c2.903.063 7.653.063 10.555 0 2.903-.063.528-.114-5.277-.114-5.806 0-8.181.051-5.278.114"></path></g></svg><svg id="svg-soyaFree" viewBox="0 0 400 583.06"><g fill-rule="evenodd"><path fill="#f5e449" d="M122.159 131.251c-9.36 1.306-18.879 5.82-27.91 13.234l-12.101 9.938c-7.354 6.039-9.176 7.386-13.23 9.778-7.431 4.384-9.991 7.237-10.444 11.637-.148 1.442-.087 1.778.449 2.454.693.875 2.002 1.089 2.002.327 0-.25.436-.891.968-1.423 1.481-1.481 2.946-1.327 15.362 1.608 8.883 2.1 8.15 2.083 8.563.2.195-.891.614-.964 2.551-.446l1.261.337-.719 2.011c-1.285 3.598-3.473 7.446-8.925 15.699-13.174 19.94-19.841 35.434-23.88 55.495-7.023 34.88.26 66.04 20.495 87.695 8.339 8.924 25.45 22.625 28.256 22.625.747 0 1.971.655 5.351 2.865 9.56 6.251 20.933 11.764 23.128 11.213.382-.096 1.449.222 2.754.82 6.669 3.055 31.137 15.241 31.257 15.566.048.131-.553 1.26-1.337 2.51-2.704 4.316-6.854 12.935-14.554 30.229-5.907 13.268-6.072 13.624-9.704 20.925-4.024 8.091-4.351 9.657-2.45 11.744.859.943 1.135.813 2.169-1.026.7-1.245 1.209-1.787 2.009-2.139 1.655-.731 3.06-4.064 6.556-15.554 2.597-8.537 2.59-8.519 5.682-14.541 3.518-6.853 5.724-9.089 8.965-9.089.447 0 1.022-.69 2.298-2.761 3.118-5.057 4.877-6.269 10.239-7.051 2.668-.39 3.836-1.438 6.198-5.562 1.73-3.021 2.259-3.343 5.564-3.393 3.365-.051 3.491.255 2.205 5.34-3.782 14.95-5.626 28.151-6.042 43.249l-.182 6.619h1.139c1.081 0 1.156-.057 1.479-1.135.773-2.578 1.952-4.763 2.67-4.943.385-.096 1.22-.74 1.856-1.43.636-.69 1.519-1.373 1.962-1.518.587-.192 1.039-.722 1.661-1.943.72-1.417 1.009-1.717 1.85-1.924 1.497-.367 1.231.188 8.083-16.901 7.765-19.365 11.176-26.556 14.998-31.618 1.054-1.396 1.49-1.687 5.191-3.458 32.223-15.421 64.467-47.254 81.266-80.229 1.862-3.656 2.364-4.418 3.285-4.982 2.399-1.469 5.144-6.963 9.365-18.744 1.094-3.054 2.541-6.769 3.215-8.257 1.824-4.022 2.862-7.16 4.612-13.95 1.426-5.528 1.674-6.226 2.566-7.214 1.507-1.669 3.239-4.495 5.351-8.729 3.817-7.653 8.767-13.974 12.272-15.671l1.255-.607v-1.902c0-3.584 1.679-4.96 7.717-6.321 7.785-1.755 15.913-9.498 15.913-15.158 0-2.55.154-2.724 3.238-3.645 2.74-.818 3.089-1.26 4.034-5.116 1.571-6.403.874-11.545-1.711-12.625-.966-.404-1.182-.756-6.282-10.271-6.218-11.601-10.501-14.691-21.503-15.515-6.527-.489-9.942-1.737-9.953-3.636-.011-1.864-.933-3.282-4.345-6.677-1.795-1.787-3.346-3.509-3.447-3.826-.452-1.425-12.928-2.321-20.997-1.509-12.927 1.301-27.205 6.629-44.904 16.757-23.129 13.235-30.636 20.68-52.568 52.128-11.199 16.058-17.043 23.754-22.34 29.415-2.604 2.784-4.348 2.554-7.472-.984l-1.569-1.777.862-.587c1.638-1.115 1.905-1.758 2.022-4.857.087-2.285.318-3.522 1.171-6.263 1.578-5.073 1.672-8.389.422-14.882l-.927-4.812 1.864-6.666c1.026-3.666 2.065-7.69 2.309-8.943 3.431-17.584-7.274-37.91-26.047-49.459-2.526-1.554-2.911-1.682-8.369-2.784-3.719-.751-4.768-1.096-8.114-2.675-9.973-4.703-18.135-6.371-25.884-5.29"></path><path fill="#046cab" d="M.285 291.388v291.388H400V0H.285v291.388M290.833 26.459c.571.563 4.798 2.052 8.992 3.166 4.76 1.264 6.377 1.937 7.518 3.128l.743.775-2.703 3.632c-6.902 9.271-7.845 14.307-3.674 19.615 6.135 7.809 6.511 15.153 1.209 23.617-6.731 10.746-7.334 10.92-18.79 5.435-2.74-1.312-5.336-2.469-5.768-2.572-1.239-.294-1.194-.474.964-3.861 3.887-6.099 4.93-8.802 4.94-12.802l.006-2.731-1.332-2.004c-5.427-8.162-6.89-17.028-3.583-21.711 2.522-3.569 10.635-13.954 10.902-13.954.168 0 .427.12.576.267M62.24 27.05c.764.316 3.933 1.205 7.042 1.976 5.379 1.333 9.781 3.024 10.052 3.86.051.155-1.184 1.868-2.744 3.808-4.863 6.049-6.297 8.979-6.296 12.863.001 2.422-.015 2.369 2.018 6.671 6.055 12.814 5.183 19.083-4.031 28.974l-2.893 3.105-1.287-.193c-1.97-.295-5.445-1.587-10.151-3.772-2.349-1.091-4.783-2.147-5.409-2.346-.626-.199-1.239-.42-1.361-.49-.122-.069.402-.809 1.165-1.644 3.861-4.224 5.748-8.67 5.748-13.543 0-2.862-.262-3.73-2.917-9.664-3.728-8.336-4.142-11.942-1.836-16.013.867-1.531 10.968-14.15 11.334-14.16.096-.003.801.253 1.566.568m80.672.455c5.822.607 5.93-.803-1.11 14.446-3.119 6.756-8.64 19.01-12.268 27.23-7.275 16.484-8.583 19.19-9.591 19.85-1.366.896-11.77-.078-12.459-1.166-.212-.333-2.972-6.691-6.135-14.128a9628.832 9628.832 0 00-7.847-18.411c-5.67-13.218-9.467-23.367-9.6-25.66-.107-1.846 4.87-2.733 12.824-2.287 5.923.333 5.17-.445 10.43 10.77 2.386 5.089 4.861 10.277 5.498 11.529l1.159 2.276.42-.995c6.365-15.088 9.723-22.124 10.939-22.921 1.971-1.292 8.564-1.49 17.74-.533m41.714-.177c2.349.17 4.558.37 4.91.445 2.151.462 6.722 16.368 5.223 18.175-.527.635-1.184.592-8.215-.53-10.608-1.694-17.427-2.082-17.993-1.024-.599 1.119.138 6.308.982 6.918.414.3 3.717.269 10.276-.097 7.138-.398 7.083-.417 8.67 2.971 1.823 3.892 3.407 9.35 3.407 11.74v.978h-4.441c-2.443 0-6.574-.125-9.182-.277a381.366 381.366 0 00-7.516-.369l-2.775-.092v1.502c0 4.475.521 4.706 11.245 4.971 16.974.419 15.618.154 15.553 3.034-.064 2.841-3.084 10.993-5.021 13.553-.567.75-10.579.501-34.949-.868-4.441-.249-4.241-.036-4.548-4.832-.631-9.84.072-53.129.898-55.262.541-1.4 19.655-1.934 33.476-.936m149.039.132c1.488.236 2.784.432 2.881.435.362.011.573 2.322.808 8.831.348 9.608-.166 9.574 7.775.521 5.543-6.32 8.762-9.063 10.627-9.06 2.514.004 16.913 6.088 16.913 7.146 0 .24-5.956 6.964-11.951 13.493-4.089 4.452-8.801 9.676-10.064 11.156-.819.96 1.832 3.536 9.906 9.627 5.564 4.197 11.255 10.14 11.255 11.755 0 1.091-13.164 5.357-19.075 6.181l-1.281.178-5.584-5.791c-4.985-5.17-9.171-8.765-10.207-8.765-.278 0-.453 1.097-.993 6.227-.575 5.473-1.091 7.285-2.201 7.745-.844.35-10.389.214-14.68-.209l-1.78-.176.006-14.978c.01-28.913.932-43.885 2.729-44.336 2.993-.751 10.132-.741 14.916.02m-115.647-.171l2.075.208 12.482 12.48 12.482 12.479.291-.961c.161-.529.378-1.281.484-1.673.105-.391.296-5.003.423-10.249.29-11.993.154-11.485 3.215-11.994 1.534-.256 4.528-.382 8.659-.365 6.796.027 7.298.127 8.108 1.612.578 1.059.87 23.458.533 40.925-.161 8.377-.293 15.764-.293 16.415v1.185l-2.064.348c-2.723.459-10.897.236-11.959-.327-.413-.218-5.344-5.457-10.958-11.642-10.143-11.173-12.857-13.92-14.884-15.059l-1.058-.595-.331 2.58c-.181 1.419-.583 6.766-.891 11.883-.591 9.821-.74 11.514-1.161 13.193l-.261 1.041-2.772.24c-3.887.336-9.906.214-11.597-.236l-1.424-.378-.178-2.947c-.161-2.652-.676-43.664-.676-53.848v-4.125l.854-.183c1.188-.254 8.391-.258 10.901-.007m11.99 85.584c4.976 1.755 8.446 6.537 8.375 11.54-.119 8.43-5.278 15.651-19.276 26.975l-5.367 4.343-.936-.784a2228.63 2228.63 0 00-6.301-5.19c-15.381-12.636-19.473-19.671-16.882-29.022 1.306-4.712 5.9-7.843 11.518-7.849 4.209-.005 4.883.328 9.242 4.553l3.418 3.313 1.379-1.657c4.524-5.434 10.253-7.837 14.83-6.222m-96.211 18.557c4.228.747 10.056 2.814 15.1 5.355a23.221 23.221 0 005.125 1.815c1.487.328 3.949.867 5.47 1.197 8.349 1.814 21.311 14.104 27.011 25.611 5.677 11.461 6.189 19.959 2.071 34.402-2.07 7.262-2.073 7.295-1.055 12.037 1.241 5.78 1.131 9.465-.449 14.914-1.005 3.468-1.237 4.698-1.234 6.548.004 2.642-.35 3.53-1.805 4.518l-1.016.691 1.876 1.988c1.963 2.081 3.172 2.677 4.775 2.354 1.821-.367 12.016-13.132 21.726-27.202 7.252-10.507 10.334-14.846 14.053-19.781 11.323-15.026 21.224-24.352 34.114-32.132 27.181-16.407 45.927-22.596 64.071-21.154 5.969.474 8.658.965 9.033 1.648.16.291 1.782 2.067 3.604 3.946 3.557 3.668 4.142 4.537 4.419 6.558.301 2.194 2.647 3.058 10.061 3.706 10.808.943 15.194 4.121 21.204 15.359 4.935 9.228 5.306 9.835 6.43 10.545 2.655 1.676 3.248 6.628 1.579 13.184-.939 3.689-1.078 3.841-4.453 4.866-2.578.783-2.897 1.195-2.801 3.62.129 3.23-3.595 8.259-9.041 12.212-2.221 1.613-3.012 1.934-6.964 2.826-5.981 1.35-7.377 2.511-7.377 6.138 0 1.924-.072 2.267-.473 2.267-2.749 0-8.481 6.87-12.99 15.57-3.074 5.93-3.501 6.637-5.503 9.125-.661.821-1.289 1.91-1.396 2.42-1.223 5.817-4.35 15.804-5.917 18.896-.406.801-1.908 4.709-3.339 8.684-3.868 10.748-6.91 16.725-9.324 18.323-.794.525-1.338 1.234-1.923 2.505-14.558 31.606-49.203 66.416-81.982 82.37-5.326 2.593-4.92 2.233-7.865 6.973-3.123 5.026-6.497 12.476-12.928 28.54-6.771 16.914-6.524 16.419-8.396 16.813-.546.115-.909.567-1.512 1.881-.646 1.407-.946 1.76-1.608 1.892-.478.096-1.182.622-1.708 1.277-.493.613-1.365 1.336-1.938 1.606-.941.444-1.152.773-2.187 3.401l-1.146 2.909-1.068.009c-.587.005-1.078-.087-1.091-.204-.988-9.123 1.865-33.432 5.726-48.789 1.489-5.923 1.362-6.514-1.404-6.514-3.3 0-4.212.562-5.923 3.652-2.216 4.002-3.342 4.938-6.689 5.565-5.066.949-6.555 1.995-9.474 6.652-1.202 1.918-1.954 2.834-2.438 2.97-2.84.796-3.325 1.035-4.745 2.333-1.279 1.169-1.896 2.114-3.626 5.563a399.691 399.691 0 01-2.802 5.5c-.725 1.361-2.11 5.516-4.758 14.268-2.301 7.609-3.921 11.055-5.507 11.717-.638.267-1.197.894-1.882 2.112-1.144 2.035-1.21 2.052-2.507.677-1.756-1.862-1.386-3.563 2.459-11.306 3.595-7.238 3.688-7.437 9.774-21.091 7.688-17.248 12.069-26.358 14.532-30.221a225.046 225.046 0 001.462-2.314c.159-.266-3.848-2.372-14.821-7.79-17.831-8.804-17.791-8.785-19.216-8.785-3.332 0-14.166-5.358-23.843-11.79-2.563-1.704-3.469-2.16-4.29-2.16-2.534 0-18.21-12.217-26.37-20.549-24.771-25.299-31.633-61.144-19.627-102.527 4.425-15.254 10.163-27.038 21.512-44.184 4.805-7.26 6.565-10.344 8.07-14.141.966-2.439.996-2.321-.707-2.726-1.736-.412-1.88-.349-2.121.937-.28 1.492 1.105 1.665-13.359-1.67-8.566-1.975-10.692-1.899-11.151.399-.308 1.541-2.415 1.185-2.832-.479-1.04-4.141 2.211-8.875 8.681-12.64 5.319-3.097 8.022-5.043 14.626-10.529 16.367-13.597 17.723-14.63 22.895-17.438 10.138-5.503 19.724-7.389 29.122-5.728m14.571 342.734c.101 1.409.197 6.245.214 10.747l.03 8.185-1.352-.024c-.744-.014-5.965-.238-11.602-.499l-10.249-.473-.241-4.698c-.133-2.583-.151-7.162-.041-10.175l.202-5.477 4.595.152c2.528.083 7.35.035 10.717-.107 3.366-.143 6.441-.244 6.832-.226.69.031.718.112.895 2.595m-13.777 4.337l-1.353.107.004 2.048c.007 3.552-.279 3.33 4.3 3.33h3.953v-5.694l-2.776.051c-1.527.028-3.384.099-4.128.158m-55.73 16.283c1.801.131 3.97.261 4.82.289 1.697.056 2.43.339 2.835 1.094.482.901.917 7.975.715 11.616-.263 4.726-.038 4.577-6.213 4.148-2.517-.175-5.827-.4-7.355-.5-5.091-.334-9.304.088-9.638.966-.351.922.103 5.937.58 6.414.244.244 3.002.335 10.128.335 6.561 0 9.894.1 10.097.304.443.442 1.038 14.582.631 14.989-.223.223-3.259.207-10.865-.058-5.805-.202-10.6-.318-10.655-.257-.055.061.269 4.659.721 10.218 1.1 13.559 1.433 12.837-5.654 12.275-4.152-.33-8.441-.896-11.097-1.466l-1.426-.306-.182-2.191c-1.252-15.085-.384-57.207 1.197-58.125.553-.321 26.324-.111 31.361.255m134.384.952c5.685 2.292 12.558 7.347 12.504 9.194-.023.811-4.932 4.407-12.226 8.958-6.922 4.318-13.257 10.825-13.18 13.539.086 3.014 7.879 10.062 13.204 11.941 1.433.505 1.403.661 1.672-8.692.261-9.098.57-11.252 1.651-11.523 6.279-1.576 16.998.451 16.452 3.112-1.314 6.402-1.27 20.979.093 30.711.412 2.942-2.034 3.341-23.735 3.866l-9.68.235-2.278-1.512c-8.234-5.467-16.491-21.239-16.457-31.437.028-8.332 10.074-21.727 20.096-26.795 5.869-2.968 7.832-3.232 11.884-1.597m76.292-.346c2.584.155 5.531.36 6.548.454l1.851.172 1.12 2.455c2.608 5.716 4.522 14.46 3.459 15.8-.412.52-.592.506-6.63-.491-8.599-1.42-10.407-1.609-15.366-1.609h-4.337l-.203 1.067c-.18.948.711 5.54 1.162 5.991.451.451 3.392.591 9.136.436 8.776-.237 8.271-.374 9.877 2.688 1.632 3.11 3.632 9.932 3.632 12.383 0 .304-18.484.089-22.116-.257l-1.76-.167-.194 1.033c-.268 1.43.629 4.08 1.63 4.816.712.523 1.47.576 11.388.789 9.579.206 12.755.44 13.672 1.007 1.026.634-1.136 8.952-3.517 13.535l-1.134 2.183-2.423.201c-5.576.465-35.186-.945-36.44-1.735-.997-.628-1.104-3.483-1.021-27.173.083-23.479.429-31.727 1.377-32.775 1.034-1.142 17.427-1.577 30.289-.803m-144.905 5.606c11.801 23.992 17.121 37.256 20.751 51.734.47 1.873.805 3.454.746 3.514-.273.273-15.291.66-17.09.441l-1.993-.244-1.516-2.324-1.517-2.323-2.699-.203c-3.707-.278-14.35-.034-15.02.343-.296.168-1.195 1.186-1.997 2.263-1.399 1.878-1.531 1.975-3.163 2.339-3.252.724-16.898.464-17.699-.337-.794-.794 12.095-30.752 21.055-48.939l5.716-11.602h11.801l2.625 5.338m199.567-3.835l.997.063-.094 14.947c-.089 14.242.054 18.697.819 25.48.45 3.986.614 4.126 4.826 4.125 1.921-.001 3.383-.251 10.794-1.847 1.716-.369 2.156-.385 2.358-.085.71 1.058-1.872 12.04-3.918 16.667l-.661 1.496h-35.414l.167-1.495c.092-.822.357-2.903.59-4.626 1.195-8.856 1.566-27.836.927-47.402l-.247-7.544 8.93.078c4.911.044 9.378.108 9.926.143m-210.239 31.68c-2.088 4.454-2.522 5.539-2.303 5.758.274.275 8.414.459 8.414.191 0-.318-3.736-7.392-4.296-8.133-.485-.643-.495-.631-1.815 2.184"></path><path fill="#da043d" d="M223.114 113.152c-2.441.861-5.529 3.163-7.598 5.661-1.939 2.343-1.414 2.476-5.194-1.314-3.887-3.898-5.002-4.516-8.471-4.693-5.147-.264-10.817 3.191-12.099 7.372-2.676 8.727 1.239 16.576 13.233 26.53a2056.43 2056.43 0 017.429 6.197l3.297 2.768 4.123-3.317c15.723-12.648 20.248-18.877 20.296-27.943.045-8.267-7.49-13.917-15.016-11.261"></path><path fill="#FFF" d="M.071 291.459L0 583.06l200.071-.07 200.071-.071-199.928-.072-199.929-.072-.071-291.458L.142-.142.071 291.459M288.7 27.83c-7.143 9.244-10.091 13.347-10.452 14.544-1.646 5.454.053 12.509 4.69 19.483l1.332 2.004-.006 2.731c-.01 4-1.053 6.703-4.94 12.802-2.158 3.387-2.203 3.567-.964 3.861.432.103 3.028 1.26 5.768 2.572 11.456 5.485 12.059 5.311 18.79-5.435 5.302-8.464 4.926-15.808-1.209-23.617-4.171-5.308-3.228-10.344 3.674-19.615l2.703-3.632-.743-.775c-1.141-1.191-2.758-1.864-7.518-3.128-4.194-1.114-8.421-2.603-8.992-3.166-.506-.499-.867-.267-2.133 1.371M55.374 32.762c-9.028 11.055-9.285 12.519-4.198 23.893 2.655 5.934 2.917 6.802 2.917 9.664 0 4.873-1.887 9.319-5.748 13.543-.763.835-1.287 1.575-1.165 1.644.122.07.735.291 1.361.49s3.06 1.255 5.409 2.346c4.706 2.185 8.181 3.477 10.151 3.772l1.287.193 2.893-3.105c9.214-9.891 10.086-16.16 4.031-28.974-2.033-4.302-2.017-4.249-2.018-6.671-.001-3.884 1.433-6.814 6.296-12.863 1.56-1.94 2.795-3.653 2.744-3.808-.271-.836-4.673-2.527-10.052-3.86-3.109-.771-6.278-1.66-7.042-1.976-.765-.315-1.47-.571-1.566-.568-.097.002-2.482 2.828-5.3 6.28m72.709-5.597c-3.93.698-4.574 1.804-13.85 23.794l-.42.995-1.159-2.276c-.637-1.252-3.112-6.44-5.498-11.529-5.26-11.215-4.507-10.437-10.43-10.77-7.954-.446-12.931.441-12.824 2.287.133 2.293 3.93 12.442 9.6 25.66a9628.832 9628.832 0 017.847 18.411c3.163 7.437 5.923 13.795 6.135 14.128.689 1.088 11.093 2.062 12.459 1.166 1.008-.66 2.316-3.366 9.591-19.85 3.628-8.22 9.149-20.474 12.268-27.23 5.488-11.887 5.911-12.949 5.447-13.678-.56-.88-15.561-1.748-19.166-1.108m27.93-.14c-2.47.181-4.671.741-4.863 1.239-.826 2.133-1.529 45.422-.898 55.262.307 4.796.107 4.583 4.548 4.832 24.37 1.369 34.382 1.618 34.949.868 1.937-2.56 4.957-10.712 5.021-13.553.065-2.88 1.421-2.615-15.553-3.034-10.724-.265-11.245-.496-11.245-4.971v-1.502l2.775.092c1.527.05 4.909.217 7.516.369 2.608.152 6.739.277 9.182.277h4.441v-.978c0-2.39-1.584-7.848-3.407-11.74-1.587-3.388-1.532-3.369-8.67-2.971-6.559.366-9.862.397-10.276.097-.844-.61-1.581-5.799-.982-6.918.566-1.058 7.385-.67 17.993 1.024 7.031 1.122 7.688 1.165 8.215.53 1.499-1.807-3.072-17.713-5.223-18.175-3.052-.654-27.392-1.197-33.523-.748m164.914.005c-2.814.449-2.834.462-3.177 1.936-1.051 4.525-1.723 21.144-1.73 42.81l-.006 14.978 1.78.176c4.291.423 13.836.559 14.68.209 1.11-.46 1.626-2.272 2.201-7.745.54-5.13.715-6.227.993-6.227 1.036 0 5.222 3.595 10.207 8.765l5.584 5.791 1.281-.178c5.911-.824 19.075-5.09 19.075-6.181 0-1.615-5.691-7.558-11.255-11.755-8.074-6.091-10.725-8.667-9.906-9.627 1.263-1.48 5.975-6.704 10.064-11.156 5.995-6.529 11.951-13.253 11.951-13.493 0-1.058-14.399-7.142-16.913-7.146-1.867-.003-5.089 2.744-10.624 9.06-7.962 9.084-7.429 9.12-7.778-.521-.235-6.509-.446-8.82-.808-8.831-.097-.003-1.393-.199-2.881-.435-3.227-.514-10.643-.764-12.738-.43m-113.81.266l-.854.183v4.125c0 10.184.515 51.196.676 53.848l.178 2.947 1.424.378c1.691.45 7.71.572 11.597.236l2.772-.24.261-1.041c.421-1.679.57-3.372 1.161-13.193.308-5.117.71-10.464.891-11.883l.331-2.58 1.058.595c2.019 1.135 4.727 3.873 14.887 15.059 5.618 6.185 10.55 11.424 10.96 11.642 1.055.563 9.231.786 11.954.327l2.064-.348v-1.185c0-.651.132-8.038.293-16.415.337-17.467.045-39.866-.533-40.925-.81-1.485-1.312-1.585-8.108-1.612-4.131-.017-7.125.109-8.659.365-3.061.509-2.925.001-3.215 11.994-.127 5.246-.318 9.858-.423 10.249a68.226 68.226 0 01-.484 1.673l-.291.961-12.482-12.479-12.482-12.48-2.075-.208c-2.51-.251-9.713-.247-10.901.007m-66.476 444.499c-3.367.142-8.189.19-10.717.107l-4.595-.152-.202 5.477c-.11 3.013-.092 7.592.041 10.175l.241 4.698 10.249.473c5.637.261 10.858.485 11.602.499l1.352.024-.03-8.185c-.042-11.526-.19-13.3-1.109-13.342-.391-.018-3.466.083-6.832.226m.854 9.344v2.847h-3.953c-4.579 0-4.293.222-4.3-3.33l-.004-2.048 1.353-.107c.744-.059 2.601-.13 4.128-.158l2.776-.051v2.847M47.5 494.529c-1.581.918-2.449 43.04-1.197 58.125l.182 2.191 1.426.306c2.656.57 6.945 1.136 11.097 1.466 7.087.562 6.754 1.284 5.654-12.275-.452-5.559-.776-10.157-.721-10.218.055-.061 4.85.055 10.655.257 7.606.265 10.642.281 10.865.058.407-.407-.188-14.547-.631-14.989-.203-.204-3.536-.304-10.097-.304-7.126 0-9.884-.091-10.128-.335-.477-.477-.931-5.492-.58-6.414.334-.878 4.547-1.3 9.638-.966 1.528.1 4.838.325 7.355.5 6.175.429 5.95.578 6.213-4.148.202-3.641-.233-10.715-.715-11.616-.405-.755-1.138-1.038-2.835-1.094-.85-.028-3.019-.158-4.82-.289-5.037-.366-30.808-.576-31.361-.255m158.558.843c-12.239 4.145-24.76 18.667-24.793 28.756-.034 10.198 8.223 25.97 16.457 31.437l2.278 1.512 9.68-.235c21.701-.525 24.147-.924 23.735-3.866-1.363-9.732-1.407-24.309-.093-30.711.546-2.661-10.173-4.688-16.452-3.112-1.081.271-1.39 2.425-1.651 11.523-.269 9.353-.239 9.197-1.672 8.692-5.325-1.879-13.118-8.927-13.204-11.941-.077-2.714 6.258-9.221 13.18-13.539 7.294-4.551 12.203-8.147 12.226-8.958.054-1.847-6.819-6.902-12.504-9.194-3.556-1.435-3.964-1.455-7.187-.364m63.693-.257c-7.679.227-9.943.46-10.503 1.078-.948 1.048-1.294 9.296-1.377 32.775-.083 23.69.024 26.545 1.021 27.173 1.254.79 30.864 2.2 36.44 1.735l2.423-.201 1.134-2.183c2.381-4.583 4.543-12.901 3.517-13.535-.917-.567-4.093-.801-13.672-1.007-9.918-.213-10.676-.266-11.388-.789-1.001-.736-1.898-3.386-1.63-4.816l.194-1.033 1.76.167c3.632.346 22.116.561 22.116.257 0-2.451-2-9.273-3.632-12.383-1.606-3.062-1.101-2.925-9.877-2.688-5.744.155-8.685.015-9.136-.436-.451-.451-1.342-5.043-1.162-5.991l.203-1.067h4.337c4.959 0 6.767.189 15.366 1.609 6.038.997 6.218 1.011 6.63.491 1.063-1.34-.851-10.084-3.459-15.8l-1.12-2.455-1.851-.172c-7.658-.712-17.614-.987-26.334-.729m-144.98 11.575c-6.824 13.839-9.912 20.576-14.636 31.936-2.92 7.021-6.876 17.397-6.7 17.573.801.801 14.447 1.061 17.699.337 1.632-.364 1.764-.461 3.163-2.339.802-1.077 1.701-2.095 1.997-2.263.67-.377 11.313-.621 15.02-.343l2.699.203 1.517 2.323 1.516 2.324 1.993.244c1.799.219 16.817-.168 17.09-.441.059-.06-.276-1.641-.746-3.514-3.63-14.478-8.95-27.742-20.751-51.734l-2.625-5.338h-11.796l-5.44 11.032m200.819-2.206c.639 19.566.268 38.546-.927 47.402a274.13 274.13 0 00-.59 4.626l-.167 1.495h35.414l.661-1.496c2.046-4.627 4.628-15.609 3.918-16.667-.202-.3-.642-.284-2.358.085-7.411 1.596-8.873 1.846-10.794 1.847-4.212.001-4.376-.139-4.826-4.125-.765-6.783-.908-11.238-.819-25.48l.094-14.947-.997-.063c-.548-.035-5.015-.099-9.926-.143l-8.93-.078.247 7.544m-187.423 26.457c1.047 2.001 1.904 3.733 1.904 3.849 0 .268-8.14.084-8.414-.191-.219-.219.215-1.304 2.303-5.758 1.576-3.36 1.269-3.513 4.207 2.1"></path><path fill="#609166" d="M211.53 118.861c.531.548 1.03.997 1.108.997.079 0-.292-.449-.823-.997-.531-.548-1.03-.996-1.108-.996-.078 0 .292.448.823.996m26.839 5.267c0 .705.056.993.124.641a4.047 4.047 0 000-1.281c-.068-.353-.124-.065-.124.64m78.855 18.432c1.057.055 2.787.055 3.844 0s.192-.1-1.922-.1-2.979.045-1.922.1m17.723 4.629c.771.783 1.466 1.423 1.544 1.423.078 0-.489-.64-1.26-1.423s-1.466-1.424-1.544-1.424c-.078 0 .488.641 1.26 1.424m-159.146 3.701c.611.626 1.176 1.138 1.254 1.138.078 0-.358-.512-.97-1.138-.611-.627-1.176-1.139-1.254-1.139-.078 0 .358.512.97 1.139m164.697 4.253c0 .461.102.9.225.977.124.076.174-.3.112-.837-.14-1.197-.337-1.278-.337-.14m8.189 3.35c.354.068.866.066 1.138-.006.273-.071-.017-.127-.644-.123-.626.003-.849.061-.494.129m3.84.28c.274.071.722.071.996 0 .274-.072.05-.13-.498-.13s-.772.058-.498.13M61.624 169.181l-1.126 1.21 1.21-1.125c1.125-1.047 1.341-1.294 1.126-1.294-.047 0-.591.544-1.21 1.209m180.369 7.759c-.692.704-1.193 1.281-1.115 1.281.078 0 .708-.577 1.4-1.281.691-.705 1.193-1.282 1.115-1.282-.079 0-.709.577-1.4 1.282m-5.278 5.338l-1.413 1.494 1.495-1.413c1.389-1.312 1.625-1.576 1.413-1.576-.045 0-.718.673-1.495 1.495m-45.611-.214c.003.626.061.849.129.495s.066-.867-.005-1.139c-.072-.272-.127.018-.124.644m-4.561 25.196c0 .548.059.772.13.498a2.323 2.323 0 000-.996c-.071-.274-.13-.05-.13.498m29.827 1.139c-.334.469-.544.854-.466.854.079 0 .416-.385.751-.854.334-.47.544-.855.466-.855-.079 0-.416.385-.751.855m-28.085 10.533c0 1.331.049 1.876.109 1.21.059-.665.059-1.754 0-2.42-.06-.665-.109-.121-.109 1.21m160.705 8.4c-.051 1.174.003 2.135.12 2.135.118-.001.214-.962.214-2.136 0-2.758-.213-2.758-.334.001m-7.084 7.757l-.981 1.068 1.068-.982c.994-.913 1.198-1.154.981-1.154-.048 0-.528.481-1.068 1.068m-156.71 6.05c.611.626 1.176 1.139 1.254 1.139.078 0-.358-.513-.97-1.139-.611-.627-1.176-1.139-1.254-1.139-.078 0 .358.512.97 1.139m6.815-.214l-.837.926.926-.837c.509-.46.925-.876.925-.925 0-.22-.235-.026-1.014.836m137.67 13.736c-.367.391-.614.758-.548.816.066.059.418-.261.782-.71.815-1.005.671-1.07-.234-.106m-276.08 15.232c0 .705.055.993.123.641a4.047 4.047 0 000-1.281c-.068-.353-.123-.064-.123.64m-.262 8.114c0 1.409.048 2.022.107 1.361.06-.661.061-1.814.002-2.562-.059-.749-.108-.208-.109 1.201m.262 6.691c0 .704.055.992.123.64a4.047 4.047 0 000-1.281c-.068-.352-.123-.064-.123.641m23.41 55.8c.771.783 1.466 1.424 1.544 1.424.078 0-.488-.641-1.26-1.424-.771-.783-1.466-1.423-1.544-1.423-.078 0 .489.64 1.26 1.423m4.412 4.413c1.009 1.018 1.899 1.851 1.977 1.851.078 0-.683-.833-1.692-1.851s-1.898-1.851-1.976-1.851c-.079 0 .683.833 1.691 1.851m194.015 5.908l-2.271 2.348 2.349-2.271c1.292-1.249 2.349-2.306 2.349-2.348 0-.208-.318.089-2.427 2.271m-5.26 5.195c-1.167 1.175-2.057 2.135-1.979 2.135.079 0 1.097-.96 2.264-2.135 1.166-1.174 2.057-2.135 1.978-2.135-.078 0-1.097.961-2.263 2.135m-165.762 6.607c.354.068.867.066 1.139-.005.272-.072-.018-.127-.644-.124-.626.003-.849.061-.495.129m42.203 20.012c.548.3 1.125.546 1.281.546.157 0-.163-.246-.711-.546-.548-.3-1.125-.545-1.282-.545-.156 0 .164.245.712.545m69.324 15.944c-.243.469-.378.854-.299.854.078 0 .341-.385.584-.854.243-.47.377-.855.299-.855-.078 0-.341.385-.584.855m-35.32 6.049l-.837.926.926-.837c.509-.459.925-.876.925-.925 0-.22-.235-.026-1.014.836m-10.959 4.698l-.981 1.067 1.068-.981c.994-.913 1.198-1.154.981-1.154-.048 0-.528.481-1.068 1.068m-9.964 9.11l-.981 1.068 1.067-.981c.994-.914 1.199-1.154.982-1.154-.048 0-.528.48-1.068 1.067m-4.911 8.473c-.261.547-.415.993-.343.993.195 0 1.059-1.743.929-1.873-.062-.062-.326.334-.586.88m30.621 9.961c.003.627.061.849.129.495.069-.354.066-.866-.005-1.139-.072-.272-.127.018-.124.644m-.275 4.84c.002.783.057 1.07.123.637.065-.433.063-1.073-.004-1.424-.068-.35-.121.004-.119.787m6.591 3.63l-.836.925.925-.836c.509-.46.925-.876.925-.925 0-.22-.235-.026-1.014.836m-6.886 4.626c.004.627.062.849.13.495s.066-.866-.006-1.138c-.071-.273-.127.017-.124.643m.712 2.621c.352.068.928.068 1.281 0 .352-.068.064-.123-.641-.123-.704 0-.993.055-.64.123"></path></g></svg><svg id="svg-shellfishFree" viewBox="159.71 113.15 57.44 46"><path fill="#0cbc4c" fill-rule="evenodd" d="M170.75 113.418c-4.701.993-9.366 5.122-10.45 9.249-1.193 4.544-.572 8.379 1.916 11.833.927 1.287 23.019 23.395 24.03 24.048 1.236.798 3.277.796 4.508-.004 1.752-1.138 24.579-24.316 24.579-24.957 0-.051.172-.373.382-.715 2.442-3.975 1.677-10.807-1.623-14.505-4.274-4.79-9.813-6.39-15.092-4.359-2.327.896-3.594 1.908-8.424 6.737-5.321 5.317-5.076 5.008-5.076 6.422 0 1.898 1.01 2.892 2.94 2.894 1.367.002 1.246.096 6.298-4.936 4.454-4.437 5.236-5.11 6.469-5.57 1.436-.535 4.64-.306 5.473.391.145.121.352.221.462.221.495 0 2.83 2.594 3.375 3.75 1.077 2.285.814 5.057-.673 7.082-.656.894-21.152 21.335-21.387 21.33-.365-.007-21.019-20.838-21.643-21.829-1.142-1.814-1.518-4.299-.874-5.786l.453-1.047c.175-.405.844-1.344 1.524-2.139.42-.492 2.466-1.861 2.78-1.861.13 0 .328-.092.44-.204.135-.135.803-.202 1.991-.2 2.393.003 3.547.537 5.81 2.689 2.404 2.285 6.081-.038 4.916-3.105-.404-1.064-2.336-2.916-3.937-3.776-.802-.43-1.362-.709-1.75-.87-2.326-.967-5.14-1.264-7.417-.783"></path></svg><svg id="svg-prescriptionFree" viewBox="0 0 614 882"><path fill="#FFF" d="M1 323V1h614v882H1V323m9.16 186.5c0 104.484-.094 208.968.062 313.452.041 27.846 15.441 58.839 58.09 58.737 159.308-.38 318.618-.137 477.927-.22 5.286-.003 10.702-.44 15.834-1.635 22.5-5.24 37.894-18.063 42.427-41.634.937-4.872 1.287-9.927 1.288-14.898.06-251.795.106-503.59-.164-755.385-.01-8.93-2.027-18.303-5.168-26.7-8.185-21.886-26.445-33.034-51.877-33.046-66.823-.032-133.646-.011-200.47-.011-92.985 0-185.972-.234-278.957.131-31.011.122-59.231 17.43-59.131 58.776.356 147.144.139 294.289.139 442.433z"></path><path fill="#13A43A" d="M10.16 509c0-147.644.217-294.79-.14-441.933C9.92 25.72 38.14 8.413 69.153 8.291c92.985-.365 185.972-.131 278.958-.131 66.823 0 133.646-.02 200.47.011 25.431.012 43.69 11.16 51.876 33.047 3.14 8.396 5.158 17.768 5.168 26.699.27 251.795.224 503.59.164 755.385 0 4.97-.351 10.026-1.288 14.898-4.533 23.571-19.926 36.394-42.427 41.634-5.132 1.195-10.548 1.632-15.834 1.635-159.31.083-318.619-.16-477.927.22-42.649.102-58.049-30.89-58.09-58.737-.156-104.484-.062-208.968-.062-313.952m317.028 192.499v-25.263c-6.618-.422-6.61-.419-9.052 4.908-3.118 6.802-6.247 13.598-9.655 21.013-3.542-7.537-7.07-14.163-9.776-21.109-1.832-4.702-4.488-6.118-9.316-4.602v42.3h7.004v-25.192c2.998 4.17 4.91 8.583 7.282 12.733 1.085 1.899 2.807 4.113 4.708 4.72 3.725 1.19 3.876-2.727 5.001-4.856 2.11-3.994 3.945-8.133 5.894-12.212l1.231.29v24.487h6.68V701.5m-189.044-87.72v39.915h7.056V636.71c6.378-2.723 8.922.721 10.805 5.545.902 2.311 2.503 4.375 3.23 6.723 1.664 5.374 5.206 5.894 10.232 4.402l-9.193-17.989c7.373-4.53 9.542-9.357 7.54-16.043-1.586-5.297-6.585-8.321-13.863-8.356-4.161-.02-8.328-.133-12.478.08-1.132.06-2.211 1.147-3.33 2.707m278.572 38.335l7.84 2.466.559-1.369-9.078-17.82c7.097-4.39 9.246-8.703 7.801-15.044-1.14-5.01-5.546-8.961-11.12-9.236-6.101-.301-12.228-.069-18.477-.069v42.59h6.722V636.23h7.763c2.53 5.09 5.045 10.153 7.99 15.885m-17.92 64.392c1.834-2.861 4.86-5.568 5.256-8.615.866-6.68 1.001-13.595.305-20.296-.68-6.548-5.236-10.774-11.481-11.313-6.053-.522-12.186-.113-18.464-.113v43.786c8.19-1.048 15.966-2.044 24.385-3.449m-158.388-9.496l-8.18-14.135 13.283-16.396c-5.712-1.506-9.13.219-12.068 4.477-3.604 5.222-7.943 9.934-11.965 14.867l-1.054-.427v-19.18h-6.417v42.609h6.558c-.251-7.62-.983-15.393 7.321-19.979 2.77 4.841 6.009 9.69 8.406 14.924 2.272 4.96 5.527 6.275 10.832 4.716a1046.31 1046.31 0 00-6.716-11.476m60.951-96.031h-13.553v42.778h6.62v-16.672c4.057 0 7.681.19 11.278-.043 6.056-.394 9.995-3.677 11.562-9.238 2.722-9.66-3.497-16.654-15.907-16.825m-106.86 24.21h7.576l-.34-6.278H184.53v-12.14h20.438v-5.566h-27.265v42.473h27.293v-5.713h-20.37v-12.777h9.872m75.951-24.205h-18.63v42.673h27.002v-5.773h-20.308v-12.702h17.236v-6.251h-17.324v-11.972h20.642l-.29-5.976h-8.328M414.144 700.5v18.284h27.486v-6.142h-20.354V700.01h17.653l-.36-6.003h-17.212v-12.26h20.456v-5.44h-27.669V700.5m-76.001 12.855v5.382h27.43v-5.914h-20.147v-12.904h17.184v-5.845h-17.283v-12.186h20.238v-5.624h-27.422v37.091m-78.13-8.73l.344-4.662h17.527l-.313-6.006h-17.263v-12.033h20.28v-5.679h-27.15v42.495h27.141v-6.085h-20.566v-8.03m198.892-86.362l-13.06 35.596h7.468c.09-9.078 6.273-8.921 12.77-8.295.99.095 2.153-.311 2.959.082 1.677.818 4.303 1.808 4.539 3.094.99 5.395 4.052 6.184 9.019 4.794-4.93-13.544-9.812-27.078-14.857-40.551-.337-.9-1.832-1.74-2.908-1.929-5.23-.92-4.023 4.094-5.93 7.209m-281.847 84.223l-5.792 16.117.82 1.263c2.308-.978 6.308-1.573 6.63-2.999 1.435-6.354 5.246-7.552 10.794-6.717 1.462.22 3.008.196 4.476-.004 2.78-.377 4.566.62 4.947 3.421.752 5.545 4.04 6.401 8.928 4.937-4.675-12.81-9.326-25.555-13.982-38.299-.227-.622-.326-1.433-.776-1.803-1.11-.914-2.396-2.252-3.595-2.236-1.207.017-3.04 1.206-3.487 2.325-3.071 7.684-5.851 15.485-8.963 23.995m60.846-78.474h4.977c-1.532-8.183-6.14-12.709-13.068-13.17-8.026-.534-15.471 2.875-16.316 9.217-1.08 8.11-1.163 16.598-.006 24.683.979 6.834 8.93 10.36 17.149 9.326 6.774-.852 11.466-5.936 11.927-14.32-2.804 1.398-5.759 1.942-7.023 3.7-2.553 3.553-5.468 5.3-9.69 4.492-4.183-.8-6.118-3.891-6.567-7.787-.38-3.29-.245-6.644-.258-9.97-.021-5.228-.236-10.763 5.963-12.92 6.261-2.18 9.272 2.273 12.912 6.75m124.534-299.007c-3.991 5.014-4.277 10.334-.902 15.679 2.814 4.457 7.188 6.46 12.348 5.93 5.79-.595 9.808-3.839 11.597-9.49 1.69-5.334-.44-11.087-5.21-14.436-5.292-3.715-11.15-3.118-17.833 2.317m-83.21 19.455c5.624 3.316 11.14 3.192 16.143-1.067 4.13-3.516 5.628-8.148 4.101-13.478-1.589-5.548-6.261-9.155-12.082-9.525-5.594-.355-10.886 2.918-13.106 8.106-2.355 5.505-.968 10.478 4.944 15.964m48.785-23.996c-8.967 2.25-13.303 8.786-11.106 16.746 1.96 7.102 9.684 11.104 16.981 8.798 5.982-1.89 9.885-8.088 9.03-14.338-.908-6.634-6.07-10.768-14.905-11.206m43.729-182.933c8.472-.467 13.82-5.065 14.26-12.258.432-7.102-4.697-13.081-12.023-14.016-6.647-.848-13.696 4.584-14.746 11.364-1.054 6.807 3.834 12.97 12.509 14.91M127.407 331.187c-2.847-9.815-12.69-13.949-20.523-8.62-5.407 3.68-7.388 10.382-4.795 16.222 2.495 5.618 8.808 8.883 14.695 7.6 7.178-1.563 10.865-6.505 10.623-15.202m373.299-26.343c9.172-.455 15.286-6.857 14.149-14.813-1.125-7.874-8.473-12.83-16.443-11.091-5.709 1.245-10.157 6.669-10.265 12.515-.119 6.474 4.02 11.176 12.559 13.39m-11.425 65.228c-1.985 7.171-.512 12.412 4.484 15.947 4.655 3.294 11.318 3.288 15.821-.183 4.317-3.328 6.097-7.807 5.08-13.17-1.002-5.285-5.425-9.547-10.875-10.317-6.216-.877-11.004 1.515-14.51 7.723M337.546 113.827c-8.867-5.028-18.506-1.665-20.693 7.22-1.576 6.398 1.366 12.646 7.202 15.297 5.972 2.713 13.09.73 16.737-4.665 3.77-5.574 2.808-11.933-3.246-17.852m-97.849 232.242c9.33 3.31 19.699-5.636 16.831-16.003-1.597-5.774-6.95-9.79-12.949-9.79-6.182.002-11.41 4.235-12.874 10.425-1.508 6.377 1.272 11.496 8.992 15.368m-36.89-25.446c-8.965-.758-15.66 4.5-15.813 12.42-.135 6.977 4.84 12.646 11.944 13.61 6.476.878 12.81-3.684 14.358-10.343 1.63-7.013-1.949-12.707-10.49-15.687m-40.75 25.244c5.502-2.237 8.516-6.478 8.628-12.254.094-4.902-2.164-8.979-6.636-11.488-5.272-2.957-11.902-2.095-16.085 2.044-4.28 4.236-5.187 10.232-2.347 15.522 3.01 5.608 8.54 7.853 16.44 6.176m285.067-61.022c-3.08 5.364-2.656 10.57 1.229 15.248 3.32 3.997 7.82 5.576 12.953 4.446 5.302-1.168 8.811-4.457 10.192-9.783 1.5-5.786-1.304-11.89-6.66-14.697-5.872-3.078-12.096-1.579-17.714 4.786m-39.042 79.563c-1.172 1.157-2.544 2.174-3.483 3.498-3.727 5.247-3.001 12.423 1.557 16.807 4.659 4.48 12.155 4.984 17.36 1.167 5.208-3.82 6.85-10.626 3.961-16.42-3.387-6.793-10.751-8.93-19.395-5.052m63.356 14.25c1.034-7.584-1.69-13.057-7.716-15.503-7.022-2.851-14.852.49-17.665 7.536-2.632 6.592.657 14.036 7.417 16.787 7.186 2.925 14.302-.321 17.964-8.82m-355.425-99.941c-8.48-.183-14.415 4.491-14.998 11.812-.567 7.123 4.54 13.353 11.709 14.285 6.82.886 13.24-3.77 14.654-10.627 1.479-7.17-2.69-13.195-11.365-15.47m162.568-164.77c-5.413 5.244-6.657 9.794-4.244 15.525 2.111 5.016 7.119 8.21 12.647 8.065 5.759-.15 10.631-3.671 12.37-9.131 1.677-5.264.321-9.858-3.632-13.608-4.43-4.201-9.758-4.558-17.14-.852M247.456 362.75c-8.627-1.742-15.25 2.279-16.892 10.253-1.424 6.92 3.155 13.624 10.326 15.119 6.78 1.413 13.148-2.182 15.371-8.679 2.326-6.797-.55-12.69-8.805-16.693m-132.981-.6c-6.503.284-10.984 3.372-12.999 9.634-1.59 4.943.314 10.547 4.481 13.79 4.43 3.449 10.603 3.834 15.396.96 4.505-2.7 6.989-8.055 6.098-13.143-1.104-6.307-4.69-9.617-12.976-11.24m176.063 42.453c-9.87-1.911-18.394 4.792-17.254 13.569.863 6.635 5.732 11.49 12 11.965 6.974.528 12.593-3.287 14.317-9.72 1.72-6.42-1.316-12.107-9.063-15.814m40.708 25.521c8.821-1.857 13.596-8.924 11.236-16.628-1.998-6.52-8.47-10.519-15.14-9.356-6.688 1.166-11.356 7.184-10.876 14.023.501 7.147 5.697 11.624 14.78 11.961m-31.845 74.426c.201-1.3.614-2.607.567-3.897-.21-5.677-2.933-9.733-8.205-11.947-4.914-2.065-11.22-.881-14.728 2.918-3.807 4.124-5.033 8.953-2.713 14.214 2.188 4.96 6.182 7.87 11.615 8.061 6.254.221 10.786-2.68 13.464-9.35m18.204-9.235c-4.678 10.664 4.8 20.57 14.9 18.335 5.993-1.326 10.254-6.365 10.498-12.267a13.114 13.114 0 00-8.888-12.988c-6.328-2.156-11.886-.015-16.51 6.92m64.435-3.885c-4.926-4.345-10.45-4.971-16.1-1.918-4.547 2.455-6.937 6.65-6.562 11.876.45 6.286 4.26 10.653 10.026 12.17 5.343 1.406 11.26-.848 14.417-5.493 3.3-4.853 2.875-10.323-1.781-16.635M231.795 118.5c-.345.923-.792 1.822-1.02 2.774-1.553 6.506 1.786 12.98 7.871 15.35 6.118 2.38 13.228.004 16.5-5.516 3.388-5.714 2.062-12.712-3.218-16.973-6.25-5.045-14.013-3.613-20.133 4.365m17.168 185.303c6.624-3.917 9.318-9.478 7.543-15.57-2.117-7.269-9.531-11.272-16.884-9.116-6.566 1.926-10.555 8.965-8.873 15.657 1.947 7.747 8.88 11.422 18.214 9.03m154.244-48.825c3.978 6.7 9.773 9.412 16.077 7.524 7.02-2.102 11.018-9.062 9.154-15.934-1.979-7.299-9.438-11.452-16.78-9.342-7.114 2.044-10.674 9.023-8.451 17.752m61.519 6.549c7.281-4.873 9.276-12.23 5.077-18.725-4.043-6.256-12.558-7.96-18.834-3.767-5.296 3.537-7.245 10.439-4.59 16.248 2.996 6.552 9.718 9.07 18.347 6.244m25.143-17.932c-2.793 7.105-1.472 13.05 3.746 16.848 4.995 3.637 11.958 3.472 16.596-.56 3.946-3.431 5.552-7.815 4.333-12.964-1.213-5.121-4.511-8.61-9.59-9.742-6.005-1.338-11.16.417-15.085 6.418m-173.001 2.896c-1.081 7.882 1.684 13.222 8.109 15.658 5.623 2.132 12.099.255 15.505-4.556 3.046-4.303 3.497-8.961 1.112-13.616-2.582-5.042-6.936-7.417-12.626-7.131-5.936.298-9.843 3.394-12.1 9.645m68.402-76.084c.245-1.295.682-2.587.701-3.886.08-5.505-2.5-9.535-7.305-12.046-4.912-2.567-10.812-1.826-14.842 1.922-3.926 3.652-5.598 8.078-3.943 13.478 1.522 4.966 5.685 8.678 10.614 9.25 6.754.784 10.932-1.508 14.775-8.718m-87.133-10.81c-4.654-6.166-10.69-8.113-16.88-5.446-5.306 2.287-8.822 8.337-7.915 13.633.92 5.365 3.815 9.324 9.048 10.847 5.231 1.521 10.3.762 14.143-3.593 3.905-4.425 4.572-9.415 1.604-15.44m-13.904 119.257c-10.207 2.738-14.267 12.862-8.295 20.685 3.92 5.137 10.669 6.762 16.523 3.98 5.665-2.692 8.705-8.973 7.214-14.905-1.628-6.476-6.928-10.05-15.442-9.76M234.34 156.789c-4.878 5.996-5.385 11.895-1.48 17.216 3.458 4.71 10.017 6.602 15.608 4.425 5.124-1.996 8.047-5.825 8.46-11.26.398-5.23-1.801-9.435-6.318-12.115-5.443-3.23-10.756-2.665-16.27 1.734M424.16 301.74c6.242-6.641 6.269-14.842.066-20.069-5.08-4.28-12.89-4.118-17.766.368-5.037 4.633-5.69 12.117-1.533 17.57 4.415 5.789 11.498 6.766 19.233 2.131m-319.725-60.764c-4.259 5.986-4.59 11.396-1.013 16.514 3.142 4.495 9.203 6.594 14.545 5.036 5.325-1.552 9.158-5.903 9.607-11.463.437-5.41-1.679-9.844-6.503-12.469-5.677-3.089-11.158-2.454-16.636 2.382m260.703 123.48c-6.455 5.881-7.667 11.795-3.687 17.984 3.504 5.446 10.675 7.538 16.666 4.861 6.686-2.987 9.676-10.39 6.88-17.034-3.105-7.376-10.828-9.875-19.86-5.81M509.503 344.1c5.379-5.001 6.818-10.356 4.295-15.984-2.31-5.155-8.19-8.442-13.843-7.63-5.609.806-9.409 3.87-11.123 9.335-1.58 5.036.024 10.529 4.296 13.832 4.987 3.856 10.32 4.085 16.375.447M242.737 513.953c7.497-.417 12.112-3.707 13.821-9.85 1.427-5.129-.705-10.962-5.124-14.021-4.615-3.195-11.334-3.176-15.838.235-4 3.03-5.881 7.167-5.112 12.162 1.001 6.504 5.045 10.185 12.253 11.474m-98.6-140.95c-.028 1.325-.214 2.668-.06 3.97.656 5.526 4.998 10.074 10.518 11.154 5.939 1.162 11.575-1.35 14.386-6.41 2.78-5.006 2.105-11.075-1.768-15.202-7.86-8.375-20.72-3.876-23.075 6.489m59.59-110.38c8.607-3.47 12.038-10.52 8.79-18.069-2.893-6.721-11.218-9.726-18.039-6.511-5.563 2.623-8.654 9.056-7.15 14.88 1.776 6.874 7.265 10.356 16.398 9.7M318.891 158.51c-3.365 5.107-3.412 10.292-.027 15.338 3.118 4.65 7.824 5.926 13.09 5.21 5.253-.713 8.657-3.888 10.387-8.82 1.964-5.598-.38-11.915-5.5-15.131-5.697-3.58-11.743-2.617-17.95 3.403M164.054 280.255c-10.615-5.227-19.573 2.574-20.063 10.465-.4 6.426 3.598 11.932 10.005 13.663 6.045 1.633 12.24-1.08 15.152-6.637 3.157-6.023 1.57-12.058-5.094-17.491m73.289-18.834c5.495 2.744 10.703 2.113 15.256-1.857 3.926-3.423 5.306-7.944 3.937-13.055-1.51-5.642-6.164-9.342-11.868-9.662-6.089-.342-11.357 2.869-13.469 8.208-2.33 5.893-.54 11.131 6.144 16.366m61.707 118.755c.318-1.449.842-2.887.916-4.348.307-6.035-3.528-11.249-9.452-13.062-5.737-1.756-11.963.54-15.202 5.606-3.147 4.921-2.62 11.265 1.3 15.65 6.276 7.024 16.315 5.624 22.438-3.846m40.067 4.457c5.306-6.622 5.138-14.196-.422-19.089-5.558-4.89-13.67-4.48-18.8.953-4.449 4.71-4.669 12.316-.5 17.275 4.685 5.574 12.29 6.106 19.722.861m1.755-183.785c-3.556-5.028-8.537-6.812-14.356-5.563-4.85 1.04-8.195 4.213-9.567 9.119-1.637 5.851.547 11.553 5.529 14.71 4.822 3.057 11.483 2.64 15.77-.984 4.965-4.197 5.949-9.699 2.624-17.282m-45.48 17.137c5.228-5.625 6.072-11.483 2.463-17.102-3.171-4.938-9.592-7.152-15.299-5.325-5.29 1.693-8.434 5.53-9.214 10.737-.758 5.06 1.263 9.552 5.653 12.475 5.252 3.496 10.606 3.234 16.397-.785M383.95 424.23c.536-1.208 1.217-2.374 1.582-3.631 1.528-5.28-.501-10.895-4.977-14.051-4.717-3.326-10.8-3.44-15.413-.287-4.57 3.122-6.612 8.51-5.37 13.872 1.16 5.017 4.329 8.313 9.12 9.57 5.732 1.506 10.847.073 15.058-5.473m-11.42-203.07c8.501-.856 13.699-6.072 13.474-13.52-.21-6.991-5.744-12.461-12.794-12.648-7.135-.189-13.191 4.79-14.012 11.518-.87 7.128 4.407 13.287 13.333 14.65M362.2 450.788c-3.731 4.925-3.992 10.098-.715 15.266 3.072 4.844 7.79 6.66 13.319 5.848 5.382-.789 8.978-3.994 10.63-9.247 1.737-5.524-.499-11.502-5.5-14.732-5.32-3.437-11.577-2.604-17.733 2.865M187.165 293.996c1.412 9.16 12.959 14.497 21.35 8.08 4.958-3.792 6.511-10.49 3.851-16.066-2.72-5.704-9.043-8.58-15.422-7.017-6.26 1.534-9.938 6.818-9.779 15.003m154.966 2.31c2.077-7.708-.733-14.096-7.393-16.806-6.438-2.62-13.882.13-16.965 6.268-3.006 5.986-.933 13.393 4.765 17.023 6.765 4.31 14.664 1.965 19.593-6.485m43.865-5.58c-.36-1.441-.54-2.96-1.112-4.31-2.649-6.247-9.989-9.366-16.647-7.176-6.348 2.088-10.007 8.739-8.465 15.386 1.458 6.289 7.01 10.5 13.47 10.22 7.24-.316 11.931-5.201 12.754-14.12m-174.195 91.372c2.846-6.537 2.178-11.872-2.003-16.017-3.947-3.913-9.584-5.022-14.72-2.894-4.796 1.985-8.133 6.974-8.084 12.085.052 5.468 3.46 10.418 8.498 12.342 5.65 2.158 11.224.433 16.31-5.516m43.418-167.626c.394-.909.882-1.789 1.165-2.73 1.607-5.332-.251-10.943-4.632-14.142-4.76-3.476-11.007-3.592-15.83-.295-4.45 3.042-6.484 8.647-5.12 13.972 1.324 5.168 4.688 8.42 9.755 9.53 5.883 1.29 10.776-.667 14.662-6.335m213.454 127.653c3.831-4.793 4.43-9.986 1.344-15.272-2.868-4.91-7.478-6.988-13.07-6.343-5.869.677-9.63 4.125-11.323 9.76-1.57 5.22.79 11.099 5.63 14.263 5.306 3.468 10.854 2.86 17.42-2.408m-324.68-92.534c.145 6.106 2.96 10.403 8.732 12.541 5.352 1.983 10.153.837 14.14-3.172 3.879-3.898 4.718-8.617 2.926-13.748-1.937-5.545-7.457-8.818-13.809-8.35-6.283.461-10.273 4.427-11.99 12.729m273.826 96.828c7.087-1.934 10.969-6.43 11.032-12.782.058-5.872-3.704-11.051-9.323-12.646-5.428-1.54-10.226-.353-13.997 3.909-3.63 4.103-4.513 8.957-2.184 13.882 2.659 5.626 7.389 8.283 14.472 7.637m-164.27 79.585c4.245-5.993 4.567-11.535.957-16.482-3.309-4.535-9.302-6.658-14.558-5.007-5.61 1.762-8.993 5.666-9.577 11.478-.543 5.41 1.804 9.824 6.548 12.444 5.662 3.127 11.157 2.333 16.63-2.433m-18.82 23.144c-5.137 5.858-5.865 11.617-2.166 17.143 3.274 4.892 9.733 7.022 15.36 5.091 5.225-1.792 8.297-5.508 8.947-10.879.653-5.394-1.483-9.81-6.195-12.633-5.22-3.128-10.401-2.737-15.945 1.278m106.55 3.363c-.943-1.145-1.755-2.435-2.85-3.408-3.979-3.539-10.159-4.26-14.867-1.87-4.889 2.481-7.632 7.596-7.058 13.156.55 5.314 4.066 9.687 9.272 11.12 5.185 1.429 9.95.399 13.657-3.605 3.997-4.317 4.596-9.362 1.845-15.393m-67.615 9.186c2.455 7.843 8.949 11.849 16.305 10.06 6.668-1.622 11.193-8.595 9.852-15.182-1.465-7.198-8.2-11.735-15.64-10.537-6.955 1.12-11.454 7.388-10.517 15.66m11.255-198.76c9.468.046 15.57-5.56 15.068-13.845-.468-7.726-7.103-13.056-15.156-12.174-5.943.652-11.177 5.952-11.669 11.818-.534 6.371 3.45 11.496 11.757 14.201m90.955-25.88c-6.324-.957-11.526.748-14.872 6.5-2.8 4.816-2.224 9.568.92 13.969 3.382 4.735 9.093 6.56 14.532 4.916 5.471-1.653 9.097-6.02 9.53-11.478.488-6.128-2.627-10.715-10.11-13.907m-10.022 405.485v-6.684h17.397v-6.151h-17.184v-12.836h20.243v-5.652h-26.95v42.856l6.494-.306v-11.227m-224.071 41.095v35.127h27.067v-6.151h-20.283v-36.462h-6.785v7.486m308.634 15.861v19.295h27.237v-6.074H457.39v-36.437h-6.976V699.5m-128.277-82.693h11.256v36.947h6.73V616.76h11.468v-5.772h-30.005c0 2.194 0 3.672.551 5.819m-50.91 161.556c-4.957 2.832-6.814 9.376-4.438 15.637 1.575 4.149 4.972 5.268 11.188 3.685-.033 5.42-1.418 6.452-6.465 5.353-1.418-.309-3.044.333-5.656.685 7.69 5.944 16.157 3.892 16.82-3.155.679-7.194.15-14.502.15-21.636-3.961-.279-7.386-.52-11.6-.57m153.434 20.322c6.314-3.735 7.044-8.097 2.453-14.653 3.245-5.034 3.175-8.9-.217-11.994-2.866-2.614-8.01-2.83-11.05-.466-3.751 2.919-3.962 6.635-.687 12.902-2.978 2.95-4.145 6.399-2.03 10.307 2.353 4.344 6.366 4.823 11.531 3.904m-275.497-10.059l-3.48 9.897c2.936.985 5.142.934 5.83-2.511.869-4.354 4.354-2.605 6.846-2.735 2.254-.118 5.216-1.154 5.858 2.715.557 3.358 2.819 3.582 5.897 2.551-3.174-8.703-6.29-17.409-9.584-26.046-.374-.981-1.754-2.184-2.667-2.183-.915 0-2.275 1.2-2.669 2.184-2.038 5.083-3.83 10.266-6.03 16.128M433.133 632.5v21.303h6.67v-42.5h-6.67V632.5M187.138 797.198c4.776.75 9.552 1.502 14.511 2.282v-29.244c-1.194 0-2.902-.215-2.972.033-.807 2.855-1.365 5.78-1.99 8.686-6.614-1.649-10.635-.205-11.218 5.035-.455 4.09.762 8.367 1.669 13.208m147.472-18.49h-6.594v20.299l4.24-.238c0-4.097-.406-7.98.178-11.708.275-1.753 2.454-3.207 3.77-4.796 1.297 1.606 3.44 3.081 3.715 4.847.578 3.71.176 7.572.176 11.64h4.522c0-4.101.062-8.066-.014-12.029-.13-6.708-2.497-8.792-9.993-8.014m-26.472.49c-.44 1.017-.878 2.034-1.317 3.052 1.213.138 2.562.69 3.615.343 4.35-1.432 6.068-.52 6.691 4.379-2.008 0-3.963-.072-5.91.016-3.692.165-6.015 2.016-6.132 5.82-.116 3.767 2.035 5.978 5.699 6.242 3.611.261 7.256.057 11.1.057v-10.222c-.002-9.777-3.436-12.406-13.746-9.688m-100.323 4.493c-.273 2.285-.824 4.578-.757 6.853.11 3.752 1.702 6.985 5.5 8.097 4.073 1.193 8.144 1.125 10.973-3.494-1.628-.542-3.248-.663-4.718-.25-4.248 1.19-6.337-.178-6.75-5.093h12.44c-.01-5.165-.653-9.572-5.985-11.215-4.556-1.404-8.16.051-10.703 5.102m242.211 5.895c-.277-3.954 1.387-8.747-3.984-10.654-4.06-1.442-8.09-1.56-11.409 2.808 1.395.687 2.963 1.192 4.242.786 4.181-1.328 5.981-.351 6.728 4.456-2.034 0-4.01-.04-5.982.008-3.697.092-6.007 1.814-6.178 5.683-.182 4.116 2.197 6.224 6.008 6.403 3.427.162 6.882-.29 10.575-.484v-9.006m-195.543-11.472c-2.474 1.06-5.71 1.474-7.264 3.31-3.335 3.943-.221 7.827 6.644 9.137 1.44.274 2.67 1.645 3.997 2.51-1.5.755-2.936 1.839-4.524 2.154-1.157.23-2.51-.788-3.787-.82-1.382-.034-2.776.43-5.11.845 5.01 4.048 10.451 5.291 13.987 2.98 1.87-1.222 3.862-4.137 3.679-6.088-.176-1.872-2.843-3.924-4.879-5.083-1.823-1.038-4.278-.968-6.533-1.402 1.026-7.939 9.108.878 10.659-5.798-2.034-.585-4.038-1.162-6.87-1.745m98.534 11.69c1.473.235 3.02.264 4.395.765 1.346.49 2.517 1.46 3.765 2.22-1.416.84-2.747 2.02-4.278 2.404-1.139.285-2.532-.667-3.82-.696-1.402-.031-2.813.368-5.438.763 5.217 4.613 9.842 4.965 14.187 2.934 1.883-.88 3.902-4.085 3.716-6.029-.18-1.888-2.849-3.97-4.9-5.12-1.85-1.037-4.343-.925-6.687-1.345.556-4.623 3.412-3.62 5.996-3.525 1.546.056 3.111-.44 4.668-.688l-.09-2.208c-3.022-.349-6.15-1.326-9.028-.834-2.054.35-4.876 2.393-5.337 4.197-.498 1.945 1.356 4.491 2.851 7.161m50.621-4.31v-15.082c-6.849-.254-10.645 3.501-9.535 8.95l4.802-3.583v23.178l4.733-.21v-13.253M174.384 796.98l7.653 2.946c-.303-2.38-.234-4.036-.567-4.122-5.718-1.464-3.212-6.042-3.48-9.362-.336-4.136-.224-8.326-.04-12.481.171-3.864-1.31-4.686-5.254-2.963.425 8.404.851 16.831 1.688 25.982m56.161-18.521c-.394 5.666-.923 11.327-1.133 17-.133 3.584.081 3.591 4.648 2.993 0-3.765-.081-7.578.025-11.386.087-3.144 1.493-4.834 5.013-4.584 1.576.112 3.222-.774 4.836-1.207l-.084-1.892c-2.113-.383-4.213-.93-6.343-1.104-2.055-.167-4.141.05-6.962.18m230.076 11.128c-2.388-8.63 6.936-5.541 9.795-8.921l-.408-1.493h-13.782v19.92l4.394-.385v-9.12m-171.66 2.825v6.607l4.68-.253c0-4.032-.11-7.828.033-11.615.124-3.284 1.343-5.317 5.325-4.546 1.305.252 2.886-.917 4.34-1.437l-.308-1.955h-14.07v13.199m153.472-26.603c-5.091 1.147-7.256 5.13-4.19 8.128 1.178 1.151 3.678 1.955 5.154 1.512 1.496-.45 3.615-2.826 3.415-4.015-.332-1.977-2.298-3.679-4.379-5.625m-279.515-2.29c-.882-3.37-2.996-5.654-6.444-4.314-1.63.634-3.342 3.337-3.362 5.12-.017 1.505 2.105 3.897 3.727 4.374 3.27.962 5.187-1.318 6.079-5.18m35.238-98.36h-4.918v6.358h5.524c0-2.143 0-3.927-.606-6.358m-13 0h-4.917v6.358h5.522c0-2.146 0-3.928-.606-6.358m187.671 122.566c1.303-.573 2.943-.859 3.773-1.834.445-.523-.153-2.761-.915-3.265-.859-.567-3.447-.29-3.521.029-.356 1.53-.115 3.2.663 5.07m-1.303 10.5l5.141.91-.249-4.966c-3.263-.871-5.605-.884-4.892 4.056m-60.463-27.907l-3.819 1.964 2.45 2.695c.62-1.344 1.242-2.689 1.37-4.66z"></path><path fill="#F6FBF7" d="M327.188 701.999v16.717h-6.679v-24.488l-1.23-.289c-1.95 4.08-3.785 8.218-5.895 12.212-1.125 2.129-1.276 6.046-5.001 4.857-1.9-.608-3.623-2.822-4.708-4.72-2.372-4.151-4.284-8.564-7.282-12.734v25.192h-7.004v-42.3c4.828-1.516 7.484-.1 9.316 4.602 2.706 6.946 6.234 13.572 9.776 21.11 3.408-7.416 6.537-14.212 9.655-21.014 2.441-5.327 2.434-5.33 9.052-4.908v25.763z"></path><path fill="#F8FCF9" d="M138.152 613.306c1.11-1.087 2.19-2.175 3.322-2.233 4.15-.214 8.317-.102 12.478-.081 7.278.035 12.277 3.06 13.863 8.356 2.002 6.686-.167 11.514-7.54 16.043l9.193 17.989c-5.026 1.492-8.568.972-10.232-4.402-.727-2.348-2.328-4.412-3.23-6.723-1.883-4.824-4.427-8.268-10.805-5.545v16.984h-7.056c0-13.377 0-26.646.007-40.388m6.869 15c2.79 4.01 6.804 1.355 10.189 1.652 3.846.337 6.193-2.267 6.32-6.121.128-3.877-2.164-6.262-5.944-6.626-3.385-.326-6.825-.069-10.575-.069 0 3.658 0 6.932.01 11.164zm271.48 23.473a2365.84 2365.84 0 01-7.775-15.55h-7.763v17.404h-6.722v-42.59c6.249 0 12.376-.233 18.477.068 5.574.275 9.98 4.227 11.12 9.236 1.445 6.34-.704 10.653-7.801 15.043l9.078 17.821-.56 1.369c-2.613-.822-5.226-1.644-8.054-2.801m-15.647-29.232v7.552c3.754 0 6.892.115 10.017-.029 3.857-.178 6.278-2.178 6.4-6.178.119-3.95-2.088-6.32-5.919-6.674-3.394-.313-6.841-.065-10.497-.065v5.394zm-2.379 94.163c-8.097 1.201-15.872 2.197-24.063 3.245V676.17c6.278 0 12.411-.41 18.464.113 6.245.539 10.8 4.765 11.48 11.313.697 6.701.562 13.616-.304 20.296-.395 3.047-3.422 5.754-5.577 8.82m-.33-19.213c-.058-2.484.038-4.984-.208-7.449-.428-4.283-2.813-7.168-7.107-7.733-3.17-.416-6.438-.081-9.567-.081v30.586c2.682 0 5.131.072 7.575-.014 5.834-.206 8.723-3.025 9.146-8.893.13-1.816.112-3.642.161-6.416z"></path><path fill="#F4FBF6" d="M240.617 707.311c2.273 3.865 4.338 7.429 6.508 11.175-5.305 1.559-8.56.243-10.832-4.716-2.397-5.234-5.635-10.083-8.406-14.924-8.304 4.586-7.572 12.36-7.32 19.979h-6.559v-42.608h6.417v19.179l1.054.427c4.022-4.933 8.361-9.645 11.965-14.867 2.938-4.258 6.356-5.983 12.068-4.477l-13.283 16.396a3318.08 3318.08 0 008.388 14.436zm61.216-96.332c11.937.171 18.156 7.165 15.434 16.825-1.567 5.561-5.506 8.844-11.562 9.238-3.597.234-7.221.043-11.278.043v16.672h-6.62v-42.778h14.026M308 629.823c2.922-2.173 4.252-5.485 2.316-8.25-1.538-2.196-4.795-3.612-7.565-4.397-2.56-.726-5.487-.155-8.184-.155v14.325c4.503-.42 8.591-.802 13.433-1.523z"></path><path fill="#F6FBF7" d="M194.018 635.188h-9.391v12.777h20.37v5.713h-27.293v-42.473h27.265v5.565H184.53v12.14h17.204l.341 6.278h-8.058zm76.922-24.205h7.838l.29 5.975h-20.642v11.972h17.324v6.25h-17.236v12.703h20.308v5.773h-27.001v-42.673h19.12z"></path><path fill="#F9FDFA" d="M414.144 700v-23.693h27.67v5.439h-20.457v12.26h17.212l.36 6.003h-17.653v12.632h20.354v6.142h-27.486v-18.784z"></path><path fill="#F8FCF9" d="M338.143 712.871v-36.608h27.422v5.624h-20.238v12.186h17.283v5.845h-17.184v12.904h20.146v5.914h-27.429v-5.865zm-78.13-7.777v7.56h20.566v6.085h-27.14v-42.495h27.15v5.679h-20.28v12.033h17.262l.313 6.006h-17.527a258.596 258.596 0 00-.344 5.132z"></path><path fill="#F6FBF7" d="M459.007 617.883c1.805-2.736.597-7.75 5.828-6.83 1.076.19 2.571 1.028 2.909 1.929 5.044 13.473 9.926 27.007 14.856 40.551-4.967 1.39-8.03.6-9.02-4.794-.235-1.286-2.861-2.276-4.538-3.094-.806-.393-1.97.013-2.958-.082-6.498-.626-12.68-.783-12.771 8.295h-7.468c4.432-12.08 8.746-23.838 13.162-35.975m2.903 21.967h8.84l-6.307-18.539-6.391 18.37c1.347.075 2.17.121 3.858.169z"></path><path fill="#F8FCF9" d="M177.177 702.112c2.993-8.137 5.773-15.938 8.844-23.622.448-1.12 2.28-2.308 3.487-2.325 1.199-.016 2.486 1.322 3.595 2.236.45.37.549 1.181.776 1.803 4.656 12.744 9.307 25.49 13.982 38.3-4.889 1.463-8.176.607-8.928-4.938-.38-2.801-2.168-3.798-4.947-3.42-1.468.199-3.014.223-4.476.003-5.548-.835-9.36.363-10.794 6.717-.322 1.426-4.322 2.021-6.63 2.999l-.82-1.263c1.93-5.372 3.861-10.745 5.911-16.49m6.971-.196c.53.876 1.006 2.464 1.601 2.51 3.197.252 6.424.12 10.225.12l-6.327-18.143a3850.158 3850.158 0 01-5.499 15.513z"></path><path fill="#F6FBF7" d="M237.495 623.99c-3.231-4.455-6.242-8.907-12.503-6.728-6.199 2.157-5.984 7.692-5.963 12.92.013 3.326-.122 6.68.258 9.97.45 3.896 2.384 6.986 6.568 7.787 4.221.809 7.136-.94 9.69-4.492 1.263-1.758 4.218-2.302 7.022-3.7-.461 8.384-5.153 13.468-11.927 14.32-8.218 1.034-16.17-2.492-17.149-9.326-1.157-8.085-1.075-16.574.006-24.683.845-6.342 8.29-9.751 16.316-9.217 6.929.461 11.536 4.987 13.068 13.17-1.708 0-3.343 0-5.386-.02z"></path><path fill="#FAFDFB" d="M362.69 324.73c6.431-5.16 12.289-5.757 17.58-2.042 4.77 3.349 6.9 9.102 5.211 14.437-1.789 5.65-5.807 8.894-11.597 9.49-5.16.53-9.534-1.474-12.348-5.931-3.375-5.345-3.09-10.665 1.153-15.955z"></path><path fill="#FAFDFA" d="M278.92 344.241c-5.604-5.267-6.991-10.24-4.636-15.745 2.22-5.188 7.512-8.46 13.106-8.106 5.82.37 10.493 3.977 12.082 9.525 1.527 5.33.03 9.962-4.101 13.478-5.002 4.259-10.519 4.383-16.45.848z"></path><path fill="#F9FDFA" d="M328.405 320.412c8.443.49 13.605 4.624 14.513 11.258.855 6.25-3.048 12.448-9.03 14.338-7.297 2.306-15.021-1.696-16.98-8.798-2.198-7.96 2.138-14.496 11.497-16.798z"></path><path fill="#FAFDFB" d="M371.357 137.475c-8.29-1.885-13.178-8.047-12.124-14.854 1.05-6.78 8.099-12.212 14.746-11.364 7.326.935 12.455 6.914 12.022 14.016-.438 7.193-5.787 11.791-14.644 12.202z"></path><path fill="#FAFDFA" d="M127.478 331.575c.171 8.309-3.516 13.251-10.694 14.815-5.887 1.282-12.2-1.983-14.695-7.6-2.593-5.841-.612-12.543 4.795-16.222 7.833-5.33 17.676-1.196 20.594 9.007zM500.3 304.822c-8.133-2.19-12.272-6.893-12.153-13.367.108-5.846 4.556-11.27 10.265-12.515 7.97-1.74 15.318 3.217 16.443 11.09 1.137 7.957-4.977 14.359-14.555 14.792zm-10.812 64.926c3.3-5.883 8.087-8.275 14.303-7.398 5.45.77 9.873 5.032 10.875 10.316 1.017 5.364-.763 9.843-5.08 13.171-4.503 3.471-11.166 3.477-15.821.183-4.996-3.535-6.47-8.776-4.277-16.272zM337.851 114.042c5.749 5.704 6.71 12.063 2.941 17.637-3.648 5.394-10.765 7.378-16.737 4.665-5.836-2.65-8.778-8.9-7.202-15.297 2.187-8.885 11.826-12.248 20.998-7.005z"></path><path fill="#FAFDFB" d="M239.321 345.971c-7.344-3.774-10.124-8.893-8.616-15.27 1.464-6.19 6.692-10.423 12.874-10.424 5.999-.002 11.352 4.015 12.95 9.79 2.867 10.366-7.503 19.312-17.208 15.904zm-36.137-25.249c8.163 2.88 11.742 8.575 10.112 15.588-1.548 6.659-7.882 11.221-14.358 10.343-7.103-.964-12.079-6.633-11.944-13.61.153-7.92 6.848-13.178 16.19-12.32z"></path><path fill="#FBFDFB" d="M161.68 345.965c-7.525 1.58-13.054-.666-16.064-6.274-2.84-5.29-1.933-11.286 2.347-15.522 4.183-4.14 10.813-5.001 16.085-2.044 4.472 2.509 6.73 6.586 6.636 11.488-.112 5.776-3.126 10.017-9.004 12.352z"></path><path fill="#FAFDFA" d="M447.335 284.535c5.406-6.055 11.63-7.554 17.503-4.476 5.355 2.807 8.16 8.911 6.66 14.697-1.382 5.326-4.89 8.615-10.193 9.783-5.133 1.13-9.634-.45-12.953-4.446-3.885-4.679-4.309-9.884-1.017-15.558zm-38.925 79.679c8.315-3.684 15.679-1.547 19.066 5.246 2.89 5.794 1.247 12.6-3.962 16.42-5.204 3.817-12.7 3.313-17.359-1.167-4.558-4.384-5.284-11.56-1.557-16.807.94-1.324 2.31-2.34 3.812-3.692z"></path><path fill="#F9FDFA" d="M471.304 379.031c-3.53 8.126-10.645 11.372-17.83 8.447-6.76-2.75-10.05-10.195-7.418-16.787 2.813-7.046 10.643-10.387 17.665-7.536 6.026 2.446 8.75 7.919 7.583 15.876z"></path><path fill="#FAFDFB" d="M116.39 278.787c8.298 2.205 12.466 8.23 10.987 15.4-1.414 6.858-7.834 11.513-14.654 10.627-7.17-.932-12.276-7.162-11.71-14.285.584-7.32 6.519-11.995 15.377-11.742zm162.482-165.079c7.091-3.468 12.42-3.111 16.85 1.09 3.952 3.75 5.308 8.344 3.631 13.608-1.739 5.46-6.611 8.98-12.37 9.131-5.528.144-10.536-3.05-12.647-8.065-2.413-5.731-1.169-10.281 4.536-15.764z"></path><path fill="#FAFDFA" d="M247.837 362.857c7.875 3.897 10.751 9.79 8.425 16.586-2.223 6.497-8.59 10.092-15.37 8.679-7.172-1.495-11.751-8.2-10.327-15.119 1.641-7.974 8.265-11.995 17.272-10.146z"></path><path fill="#FAFDFB" d="M114.882 362.156c7.88 1.618 11.466 4.928 12.57 11.235.89 5.088-1.593 10.443-6.098 13.143-4.793 2.874-10.965 2.489-15.396-.96-4.167-3.243-6.07-8.847-4.48-13.79 2.014-6.262 6.495-9.35 13.404-9.628zM290.92 404.73c7.366 3.581 10.401 9.269 8.682 15.687-1.724 6.434-7.343 10.249-14.317 9.72-6.268-.474-11.137-5.33-12-11.964-1.14-8.777 7.384-15.48 17.634-13.442zm39.902 25.416c-8.658-.358-13.854-4.835-14.355-11.982-.48-6.84 4.188-12.857 10.877-14.023 6.67-1.163 13.141 2.837 15.139 9.356 2.36 7.704-2.415 14.77-11.661 16.649zm-31.552 74.782c-2.546 6.292-7.078 9.193-13.332 8.972-5.433-.192-9.427-3.1-11.615-8.06-2.32-5.262-1.094-10.09 2.713-14.215 3.508-3.8 9.814-4.983 14.728-2.918 5.272 2.214 7.995 6.27 8.205 11.947.047 1.29-.366 2.598-.699 4.274zm18.502-9.955c4.458-6.593 10.016-8.734 16.344-6.578a13.114 13.114 0 018.888 12.988c-.244 5.902-4.505 10.941-10.497 12.267-10.101 2.235-19.58-7.671-14.735-18.677z"></path><path fill="#FBFDFB" d="M382.307 491.7c4.39 6.042 4.814 11.512 1.515 16.365-3.158 4.645-9.074 6.9-14.417 5.493-5.765-1.517-9.576-5.884-10.026-12.17-.375-5.227 2.015-9.42 6.561-11.876 5.652-3.053 11.175-2.427 16.367 2.188z"></path><path fill="#FAFDFB" d="M231.937 118.15c5.978-7.628 13.741-9.06 19.991-4.015 5.28 4.261 6.606 11.259 3.218 16.973-3.272 5.52-10.382 7.896-16.5 5.515-6.085-2.368-9.424-8.843-7.87-15.35.227-.95.674-1.85 1.16-3.124zm16.653 185.769c-8.962 2.277-15.894-1.398-17.84-9.145-1.683-6.692 2.306-13.731 8.872-15.657 7.353-2.156 14.767 1.847 16.884 9.115 1.775 6.093-.92 11.654-7.916 15.687zm154.504-49.31c-2.11-8.359 1.45-15.338 8.564-17.382 7.342-2.11 14.801 2.043 16.78 9.342 1.864 6.872-2.135 13.832-9.154 15.934-6.304 1.888-12.099-.824-16.19-7.894zm61.284 7.102c-8.28 2.643-15.003.125-17.999-6.427-2.655-5.81-.706-12.71 4.59-16.248 6.276-4.192 14.79-2.49 18.834 3.767 4.199 6.496 2.204 13.852-5.425 18.908zm25.657-18.458c3.76-5.658 8.914-7.413 14.918-6.075 5.08 1.132 8.378 4.62 9.59 9.742 1.22 5.15-.386 9.533-4.332 12.964-4.638 4.032-11.6 4.197-16.596.56-5.218-3.798-6.54-9.743-3.58-17.19zm-173.088 2.859c2.178-5.871 6.085-8.967 12.021-9.265 5.69-.286 10.044 2.089 12.626 7.13 2.385 4.656 1.934 9.314-1.112 13.617-3.406 4.811-9.882 6.688-15.505 4.556-6.425-2.436-9.19-7.776-8.03-16.038zm68.2-75.329c-3.72 6.835-7.898 9.127-14.652 8.343-4.93-.572-9.092-4.284-10.614-9.25-1.655-5.4.017-9.826 3.943-13.478 4.03-3.748 9.93-4.49 14.842-1.922 4.804 2.51 7.385 6.54 7.305 12.046-.019 1.299-.456 2.591-.824 4.261zM298.33 159.93c2.775 5.694 2.108 10.684-1.797 15.109-3.843 4.355-8.912 5.114-14.143 3.593-5.233-1.523-8.128-5.482-9.048-10.847-.907-5.296 2.61-11.346 7.914-13.633 6.191-2.667 12.227-.72 17.075 5.778zm-13.718 118.855c8.135-.219 13.435 3.355 15.063 9.831 1.491 5.932-1.549 12.213-7.214 14.906-5.854 2.781-12.602 1.156-16.523-3.98-5.972-7.824-1.912-17.948 8.674-20.757zM234.61 156.533c5.244-4.143 10.557-4.707 16-1.478 4.517 2.68 6.716 6.885 6.318 12.115-.413 5.435-3.336 9.264-8.46 11.26-5.59 2.177-12.15.285-15.607-4.425-3.906-5.32-3.399-11.22 1.75-17.472z"></path><path fill="#F9FDFA" d="M423.852 301.958c-7.428 4.417-14.511 3.44-18.926-2.35-4.157-5.452-3.504-12.936 1.533-17.57 4.876-4.485 12.687-4.646 17.766-.367 6.203 5.227 6.176 13.428-.373 20.287z"></path><path fill="#FAFDFB" d="M104.7 240.707c5.212-4.567 10.693-5.202 16.37-2.113 4.824 2.625 6.94 7.06 6.503 12.469-.449 5.56-4.282 9.911-9.607 11.463-5.342 1.558-11.403-.54-14.545-5.036-3.577-5.118-3.246-10.528 1.279-16.783zm260.754 123.545c8.714-3.86 16.437-1.36 19.542 6.015 2.796 6.643-.194 14.047-6.88 17.034-5.991 2.677-13.162.585-16.666-4.861-3.98-6.189-2.768-12.103 4.004-18.188z"></path><path fill="#FBFDFB" d="M509.202 344.32c-5.755 3.419-11.088 3.19-16.075-.666-4.272-3.303-5.876-8.796-4.296-13.832 1.714-5.465 5.514-8.53 11.123-9.335 5.654-.812 11.532 2.475 13.843 7.63 2.523 5.628 1.084 10.983-4.595 16.204zM242.328 513.917c-6.8-1.253-10.843-4.934-11.844-11.438-.77-4.995 1.112-9.132 5.112-12.162 4.504-3.411 11.223-3.43 15.838-.235 4.42 3.06 6.551 8.892 5.124 14.02-1.71 6.144-6.324 9.434-14.23 9.815z"></path><path fill="#FAFDFB" d="M144.23 372.607c2.263-9.968 15.123-14.467 22.983-6.092 3.873 4.127 4.549 10.196 1.768 15.202-2.81 5.06-8.447 7.572-14.386 6.41-5.52-1.08-9.862-5.628-10.518-11.154-.154-1.302.032-2.645.152-4.366z"></path><path fill="#FBFDFB" d="M203.33 262.723c-8.736.557-14.225-2.925-16-9.798-1.505-5.825 1.586-12.258 7.15-14.881 6.82-3.215 15.145-.21 18.037 6.511 3.249 7.548-.182 14.6-9.187 18.168zm115.772-104.519c5.996-5.713 12.042-6.675 17.74-3.096 5.12 3.216 7.463 9.533 5.5 15.13-1.73 4.933-5.135 8.108-10.387 8.821-5.267.716-9.973-.56-13.091-5.21-3.385-5.046-3.338-10.231.238-15.645z"></path><path fill="#FAFDFB" d="M164.358 280.47c6.36 5.218 7.947 11.253 4.79 17.276-2.913 5.556-9.107 8.27-15.152 6.637-6.407-1.73-10.404-7.237-10.005-13.663.49-7.89 9.448-15.692 20.367-10.25zm72.647-19.227c-6.347-5.057-8.136-10.295-5.806-16.188 2.112-5.34 7.38-8.55 13.47-8.208 5.703.32 10.356 4.02 11.867 9.662 1.37 5.11-.011 9.632-3.937 13.055-4.553 3.97-9.761 4.6-15.594 1.68zm61.928 119.308c-6.006 9.095-16.045 10.495-22.322 3.471-3.919-4.385-4.446-10.729-1.3-15.65 3.24-5.067 9.466-7.362 15.203-5.606 5.924 1.813 9.759 7.027 9.452 13.062-.074 1.46-.598 2.9-1.033 4.723z"></path><path fill="#FAFDFA" d="M338.833 384.873c-7.148 5.005-14.753 4.473-19.438-1.1-4.169-4.96-3.949-12.567.5-17.276 5.13-5.433 13.242-5.844 18.8-.953 5.56 4.893 5.728 12.467.138 19.329z"></path><path fill="#FBFDFB" d="M341.043 201.193c3.154 7.238 2.17 12.74-2.794 16.937-4.288 3.625-10.949 4.04-15.771.985-4.982-3.158-7.166-8.86-5.53-14.711 1.373-4.906 4.718-8.079 9.568-9.12 5.82-1.248 10.8.536 14.527 5.91z"></path><path fill="#FAFDFB" d="M295.101 218.23c-5.5 3.774-10.854 4.036-16.106.54-4.39-2.923-6.411-7.414-5.653-12.475.78-5.206 3.925-9.044 9.214-10.737 5.707-1.827 12.128.387 15.299 5.325 3.609 5.62 2.765 11.477-2.754 17.348z"></path><path fill="#FBFDFB" d="M383.733 424.541c-3.995 5.234-9.11 6.667-14.843 5.161-4.79-1.257-7.958-4.553-9.12-9.57-1.24-5.362.802-10.75 5.371-13.872 4.614-3.152 10.696-3.04 15.413.287 4.476 3.156 6.505 8.772 4.977 14.05-.365 1.258-1.046 2.424-1.798 3.944z"></path><path fill="#FAFDFB" d="M372.109 221.127c-8.505-1.329-13.782-7.488-12.912-14.616.82-6.728 6.877-11.707 14.012-11.518 7.05.187 12.583 5.657 12.794 12.649.225 7.447-4.973 12.663-13.894 13.485zm-9.666 229.377c5.914-5.185 12.17-6.018 17.492-2.58 5 3.23 7.236 9.207 5.5 14.73-1.653 5.254-5.249 8.459-10.631 9.248-5.53.811-10.247-1.004-13.319-5.848-3.277-5.168-3.016-10.34.958-15.55zM187.116 293.59c-.11-7.779 3.568-13.063 9.828-14.597 6.379-1.563 12.701 1.313 15.422 7.017 2.66 5.577 1.107 12.274-3.85 16.065-8.392 6.418-19.94 1.082-21.4-8.485z"></path><path fill="#FBFDFB" d="M342.008 296.677c-4.806 8.079-12.705 10.423-19.47 6.114-5.698-3.63-7.771-11.037-4.765-17.023 3.083-6.138 10.527-8.889 16.965-6.268 6.66 2.71 9.47 9.098 7.27 17.177zM386 291.14c-.827 8.505-5.518 13.39-12.758 13.705-6.46.281-12.012-3.93-13.47-10.22-1.542-6.646 2.117-13.297 8.465-15.385 6.658-2.19 13.998.929 16.647 7.175.573 1.352.752 2.87 1.117 4.725z"></path><path fill="#FAFDFB" d="M211.583 382.401c-4.867 5.646-10.442 7.37-16.09 5.213-5.04-1.924-8.447-6.874-8.5-12.342-.048-5.11 3.289-10.1 8.084-12.085 5.137-2.128 10.774-1.02 14.72 2.894 4.182 4.145 4.85 9.48 1.786 16.32zM255.06 214.82c-3.726 5.32-8.619 7.277-14.502 5.987-5.067-1.11-8.431-4.362-9.755-9.53-1.364-5.325.67-10.93 5.12-13.972 4.823-3.297 11.07-3.18 15.83.295 4.38 3.2 6.24 8.81 4.632 14.142-.283.941-.771 1.821-1.325 3.078z"></path><path fill="#FAFDFA" d="M468.423 342.402c-6.314 4.991-11.862 5.6-17.168 2.13-4.84-3.163-7.2-9.042-5.63-14.263 1.693-5.634 5.454-9.082 11.323-9.76 5.592-.644 10.202 1.434 13.07 6.344 3.086 5.286 2.487 10.479-1.595 15.55z"></path><path fill="#FBFDFB" d="M144 249.18c1.711-7.891 5.701-11.857 11.984-12.319 6.352-.467 11.872 2.806 13.809 8.35 1.792 5.132.953 9.85-2.925 13.75-3.988 4.008-8.789 5.154-14.14 3.171-5.772-2.138-8.588-6.435-8.729-12.953z"></path><path fill="#FAFDFA" d="M417.438 346.516c-6.701.549-11.431-2.108-14.09-7.734-2.329-4.925-1.446-9.779 2.184-13.882 3.77-4.262 8.569-5.45 13.997-3.909 5.62 1.595 9.38 6.774 9.323 12.646-.063 6.351-3.945 10.848-11.414 12.88z"></path><path fill="#FBFDFB" d="M253.288 426.28c-5.212 4.49-10.707 5.284-16.37 2.157-4.743-2.62-7.09-7.035-6.547-12.444.584-5.812 3.967-9.716 9.577-11.478 5.256-1.651 11.25.472 14.558 5.007 3.61 4.947 3.288 10.489-1.218 16.758z"></path><path fill="#FAFDFB" d="M235.034 448.923c5.24-3.79 10.421-4.181 15.64-1.053 4.713 2.823 6.849 7.24 6.196 12.633-.65 5.37-3.722 9.087-8.946 10.88-5.628 1.93-12.087-.2-15.361-5.092-3.699-5.526-2.971-11.285 2.471-17.368z"></path><path fill="#FBFDFB" d="M341.502 452.828c2.528 5.714 1.929 10.76-2.068 15.076-3.707 4.004-8.472 5.034-13.657 3.606-5.206-1.434-8.723-5.807-9.272-11.12-.574-5.56 2.17-10.676 7.058-13.157 4.708-2.39 10.888-1.669 14.867 1.87 1.095.973 1.907 2.263 3.072 3.725z"></path><path fill="#FAFDFB" d="M273.58 461.308c-.853-7.882 3.646-14.15 10.601-15.27 7.44-1.198 14.175 3.34 15.64 10.537 1.341 6.587-3.184 13.56-9.852 15.182-7.356 1.789-13.85-2.217-16.388-10.449z"></path><path fill="#FBFDFB" d="M284.513 262.88c-7.902-2.647-11.885-7.772-11.35-14.143.49-5.866 5.725-11.166 11.668-11.818 8.053-.882 14.688 4.448 15.156 12.174.501 8.285-5.6 13.89-15.474 13.787zm91.76-25.724c7.084 3.094 10.199 7.681 9.712 13.81-.434 5.457-4.06 9.824-9.53 11.477-5.44 1.644-11.151-.181-14.534-4.916-3.143-4.4-3.72-9.153-.919-13.968 3.346-5.753 8.548-7.458 15.271-6.403z"></path><path fill="#F9FDFA" d="M365.852 643.032v10.738l-6.494.306V611.22h26.95v5.652h-20.243v12.836h17.184v6.15h-17.397v7.174z"></path><path fill="#F4FBF6" d="M141.78 683.16v-7.008h6.785v36.462h20.283v6.151h-27.067v-35.604z"></path><path fill="#F2FAF4" d="M450.414 699v-22.717h6.976v36.437h20.261v6.074h-27.237V699z"></path><path fill="#F8FCF9" d="M321.862 616.472c-.276-1.813-.276-3.291-.276-5.485h30.005v5.772h-11.467v36.994h-6.731v-36.947c-4.068 0-7.662 0-11.531-.334z"></path><path fill="#E6F5EA" d="M271.62 778.266c3.82.145 7.245.386 11.207.665 0 7.134.528 14.442-.15 21.636-.664 7.047-9.13 9.1-16.821 3.155 2.612-.352 4.238-.994 5.656-.685 5.047 1.1 6.432.067 6.465-5.353-6.216 1.583-9.613.464-11.188-3.685-2.376-6.26-.519-12.805 4.832-15.733m3.797 4.047c-1.479.97-4.036 1.772-4.216 2.941-.403 2.608.38 5.4.681 8.116 1.969-.328 5.654-.717 5.645-.976-.114-3.236-.763-6.452-2.11-10.08z"></path><path fill="#F2FAF4" d="M424.266 798.81c-4.77.792-8.784.313-11.136-4.031-2.116-3.908-.949-7.356 2.029-10.307-3.275-6.267-3.064-9.983.687-12.902 3.04-2.365 8.184-2.148 11.05.466 3.392 3.093 3.462 6.96.217 11.994 4.591 6.556 3.861 10.918-2.847 14.78m-.813-11.92c-2.036.443-4.328.475-5.988 1.517-.721.453-.749 3.43.006 4.447.89 1.198 3.002 2.16 4.524 2.08 3.405-.177 4.2-3.519 1.458-8.044m1.282-6.858c-.737-1.942-1.191-4.1-2.402-5.68-.32-.415-3.647.528-4.374 1.642-.727 1.112-.324 4.469.28 4.662 1.827.583 3.993.11 6.496-.624zm-275.41 8.235c2.04-5.505 3.83-10.688 5.869-15.77.394-.984 1.754-2.185 2.669-2.185.913 0 2.293 1.202 2.667 2.183 3.294 8.637 6.41 17.343 9.584 26.046-3.078 1.03-5.34.807-5.897-2.55-.642-3.87-3.604-2.834-5.858-2.716-2.492.13-5.977-1.619-6.846 2.735-.688 3.445-2.894 3.496-5.83 2.511 1.176-3.345 2.328-6.62 3.642-10.254m4.974.432l7.748.573-4.094-11.766c-1.601 4.476-2.657 7.426-3.654 11.193z"></path><path fill="#F6FBF7" d="M433.135 632v-20.697h6.67v42.5h-6.67V632z"></path><path fill="#EAF7EE" d="M186.92 796.874c-.69-4.517-1.907-8.794-1.452-12.884.583-5.24 4.604-6.684 11.219-5.035.624-2.906 1.182-5.831 1.989-8.686.07-.248 1.778-.033 2.972-.033v29.244c-4.959-.78-9.735-1.531-14.727-2.606m2.363-6.672c.664 2.602 1.309 5.943 4.817 4.64 1.59-.59 2.329-3.687 3.248-5.74.298-.664.23-1.816-.17-2.41-1.084-1.608-2.435-3.037-3.68-4.536-1.309 1.27-2.827 2.395-3.845 3.866-.577.834-.332 2.237-.37 4.18zm145.661-11.66c7.16-.611 9.528 1.473 9.657 8.181.076 3.963.014 7.928.014 12.03h-4.522c0-4.07.402-7.931-.176-11.64-.275-1.767-2.418-3.242-3.714-4.848-1.317 1.589-3.496 3.043-3.77 4.796-.585 3.728-.18 7.61-.18 11.708l-4.239.238v-20.298c2.24 0 4.417 0 6.93-.167z"></path><path fill="#EEF8F1" d="M308.488 779.05c9.96-2.57 13.393.059 13.394 9.836v10.222c-3.843 0-7.488.204-11.1-.057-3.663-.264-5.814-2.475-5.698-6.242.117-3.804 2.44-5.655 6.132-5.82 1.947-.088 3.902-.016 5.91-.016-.623-4.9-2.34-5.811-6.691-4.379-1.053.347-2.402-.205-3.615-.343.439-1.018.878-2.035 1.668-3.2m1.43 12.768c-1.004 3.415 1.333 3.659 3.6 3.526 3.059-.178 4.401-1.843 3.357-5.636-2.214.448-4.377.884-6.956 2.11zm-101.993-8.513c2.433-4.666 6.036-6.121 10.592-4.717 5.332 1.643 5.975 6.05 5.984 11.215h-12.44c.414 4.915 2.503 6.283 6.751 5.092 1.47-.412 3.09-.29 4.718.25-2.83 4.62-6.9 4.688-10.973 3.495-3.798-1.112-5.39-4.345-5.5-8.097-.067-2.275.484-4.568.868-7.238m10.121 3.685l1.713-1.982c-1.369-.989-2.93-2.959-4.061-2.736-1.695.334-3.087 2.206-4.607 3.425l.787 1.298c1.767 0 3.534 0 6.168-.005z"></path><path fill="#F2FAF4" d="M450.025 790.062v8.53c-3.693.194-7.148.646-10.575.484-3.811-.18-6.19-2.287-6.008-6.403.171-3.87 2.481-5.59 6.178-5.683 1.973-.049 3.948-.008 5.982-.008-.747-4.807-2.547-5.784-6.728-4.456-1.279.406-2.847-.1-4.242-.786 3.318-4.368 7.348-4.25 11.409-2.808 5.371 1.907 3.707 6.7 3.984 11.13m-8.682 5.436c3.106-.251 4.85-1.654 4.078-6.416l-7.47 3.184c.876 1.07 1.752 2.14 3.392 3.232z"></path><path fill="#EEF8F1" d="M254.895 778.117c2.418.58 4.422 1.157 6.456 1.742-1.551 6.676-9.633-2.14-10.66 5.798 2.256.434 4.71.364 6.534 1.402 2.036 1.16 4.703 3.211 4.879 5.083.183 1.951-1.808 4.866-3.68 6.088-3.535 2.311-8.976 1.068-13.987-2.98 2.335-.415 3.73-.88 5.111-.845 1.277.032 2.63 1.05 3.787.82 1.588-.315 3.023-1.4 4.524-2.154-1.327-.865-2.557-2.236-3.997-2.51-6.865-1.31-9.98-5.194-6.644-9.136 1.555-1.837 4.79-2.251 7.677-3.308z"></path><path fill="#EAF7EE" d="M352.681 789.61c-1.161-2.477-3.015-5.023-2.517-6.968.46-1.804 3.283-3.846 5.337-4.197 2.877-.492 6.006.485 9.028.834l.09 2.208c-1.557.248-3.122.744-4.668.688-2.584-.095-5.44-1.098-5.996 3.525 2.344.42 4.837.308 6.687 1.345 2.051 1.15 4.72 3.232 4.9 5.12.186 1.944-1.833 5.149-3.716 6.03-4.345 2.03-8.97 1.678-14.187-2.935 2.625-.395 4.036-.794 5.438-.763 1.288.029 2.681.981 3.82.696 1.53-.384 2.862-1.565 4.278-2.403-1.248-.76-2.419-1.731-3.765-2.221-1.375-.501-2.922-.53-4.729-.959z"></path><path fill="#E6F5EA" d="M403.636 785.989v12.756l-4.733.211v-23.178l-4.802 3.584c-1.11-5.45 2.686-9.205 9.535-8.95v15.577zm-229.457 10.628c-.632-8.789-1.058-17.216-1.483-25.62 3.945-1.723 5.425-.901 5.254 2.963-.184 4.155-.296 8.345.04 12.481.268 3.32-2.238 7.898 3.48 9.362.333.086.264 1.743.567 4.122-3.103-1.194-5.378-2.07-7.858-3.308zm56.74-18.2c2.447-.09 4.533-.306 6.588-.139 2.13.174 4.23.72 6.343 1.104l.084 1.892c-1.614.433-3.26 1.32-4.836 1.207-3.52-.25-4.926 1.44-5.013 4.584-.106 3.808-.025 7.62-.025 11.386-4.567.598-4.78.59-4.648-2.993.21-5.673.739-11.334 1.507-17.041z"></path><path fill="#EAF7EE" d="M460.62 790.058v8.649l-4.394.385v-19.92h13.782l.408 1.493c-2.859 3.38-12.183.292-9.796 9.393zm-171.66 1.867v-12.712h14.07l.308 1.955c-1.454.52-3.035 1.69-4.34 1.437-3.982-.77-5.201 1.262-5.325 4.546-.142 3.787-.033 7.583-.033 11.615l-4.68.253v-7.094z"></path><path fill="#E6F5EA" d="M442.833 765.873c1.68 1.882 3.646 3.584 3.978 5.561.2 1.189-1.92 3.566-3.415 4.015-1.476.443-3.976-.36-5.154-1.512-3.066-2.997-.901-6.981 4.591-8.064zm-279.931-1.967c-.877 3.475-2.794 5.755-6.064 4.793-1.622-.477-3.744-2.869-3.727-4.373.02-1.784 1.733-4.487 3.362-5.12 3.448-1.341 5.562.943 6.43 4.7z"></path><path fill="#EEF8F1" d="M198.458 665.482c.303 2.108.303 3.892.303 6.035h-5.524v-6.358c1.738 0 3.328 0 5.22.323zm-13.001.001c.303 2.106.303 3.888.303 6.034h-5.522v-6.358c1.737 0 3.327 0 5.22.324z"></path><path fill="#C4E8CD" d="M372.45 787.6c-.403-1.746-.644-3.415-.288-4.945.074-.32 2.662-.596 3.52-.029.763.504 1.361 2.742.916 3.265-.83.975-2.47 1.261-4.148 1.708z"></path><path fill="#E6F5EA" d="M371.459 797.84c-.65-4.555 1.692-4.542 4.955-3.67l.25 4.966c-1.978-.35-3.56-.63-5.205-1.296z"></path><path fill="#C4E8CD" d="M311.306 770.63c-.374 1.658-.995 3.003-1.616 4.347l-2.45-2.695c1.273-.655 2.546-1.31 4.066-1.651z"></path><path fill="#15A53A" d="M145.016 627.827c-.005-3.753-.005-7.027-.005-10.685 3.75 0 7.19-.257 10.575.069 3.78.364 6.072 2.75 5.944 6.626-.127 3.854-2.474 6.458-6.32 6.12-3.385-.296-7.399 2.358-10.194-2.13zm255.839-5.762v-4.912c3.656 0 7.103-.248 10.497.065 3.831.354 6.038 2.723 5.918 6.674-.121 4-2.542 6-6.399 6.178-3.125.144-6.263.03-10.017.03v-8.035zm-2.71 75.909c-.05 2.298-.03 4.124-.161 5.94-.423 5.868-3.312 8.687-9.146 8.893-2.444.086-4.893.014-7.575.014v-30.586c3.129 0 6.397-.335 9.567.081 4.294.565 6.68 3.45 7.107 7.733.246 2.465.15 4.965.208 7.925zm-90.522-67.981c-4.465.551-8.553.933-13.056 1.353v-14.325c2.697 0 5.624-.571 8.184.155 2.77.785 6.027 2.2 7.565 4.397 1.936 2.765.606 6.077-2.693 8.42z"></path><path fill="#22AA45" d="M461.479 639.85c-1.256-.048-2.08-.094-3.427-.17l6.391-18.369 6.308 18.539h-9.272zm-277.183 61.682a7126.85 7126.85 0 005.351-15.13l6.327 18.144c-3.801 0-7.028.132-10.225-.12-.595-.046-1.07-1.634-1.453-2.894z"></path><path fill="#15A53A" d="M275.835 782.517c.93 3.425 1.58 6.641 1.693 9.877.01.259-3.676.648-5.645.976-.3-2.716-1.084-5.508-.681-8.116.18-1.17 2.737-1.972 4.633-2.737z"></path><path fill="#22AA45" d="M423.753 787.11c2.442 4.305 1.647 7.647-1.758 7.824-1.522.08-3.634-.882-4.524-2.08-.755-1.016-.727-3.994-.006-4.447 1.66-1.042 3.952-1.074 6.288-1.297zm.747-6.741c-2.268.397-4.434.87-6.261.287-.604-.193-1.007-3.55-.28-4.662.727-1.114 4.055-2.057 4.374-1.642 1.21 1.58 1.665 3.738 2.167 6.017zm-270.23 7.921c1.026-3.358 2.082-6.308 3.683-10.784l4.094 11.766c-2.944-.218-5.346-.395-7.777-.981zm34.97 1.514c.082-1.545-.163-2.948.414-3.782 1.018-1.471 2.536-2.596 3.845-3.866 1.245 1.5 2.596 2.928 3.68 4.536.4.594.468 1.745.17 2.41-.919 2.053-1.658 5.15-3.248 5.74-3.508 1.303-4.153-2.038-4.861-5.038zm120.887 1.621c2.37-.832 4.534-1.268 6.748-1.716 1.044 3.793-.298 5.458-3.356 5.636-2.268.133-4.605-.111-3.392-3.92zm-92.514-4.432c-2.201.003-3.968.003-5.735.003l-.787-1.298c1.52-1.219 2.912-3.091 4.607-3.425 1.13-.223 2.692 1.747 4.061 2.736-.57.66-1.142 1.322-2.146 1.984zm223.347 8.495c-1.257-1.082-2.133-2.152-3.008-3.222l7.469-3.184c.773 4.762-.972 6.165-4.46 6.406z"></path></svg><svg id="svg-amex" viewBox="0 0 44 24" fill="none" xmlns="http://www.w3.org/2000/svg"><path d="M0 10.9993H2.13353L2.6351 9.88439H3.74304L4.21466 10.9993H8.47423V10.1243L8.86351 10.971H11.0644L11.4387 10.1172V10.9993H22.054V9.19288H22.2636C22.4058 9.19288 22.4507 9.19288 22.4507 9.41868V10.9993H27.9305V10.5759C28.5563 10.8664 29.2468 11.0116 29.9443 10.9993H32.2575L32.7516 9.88439H33.8445L34.3311 10.9993H38.7629V9.91261L39.4441 10.971H43V4.00654H39.4741V4.81801L38.98 4.00654H35.3717V4.81801L34.9076 4.00654H30.0341C29.3032 3.96955 28.5743 4.10793 27.9156 4.40875V4.00654H24.5468V4.40875C24.1407 4.11023 23.6303 3.96666 23.117 4.00654H10.7949L9.97145 5.80588L9.11804 4.00654H5.24025V4.81801L4.81354 4.00654H1.49721L0 7.30886V10.9993ZM41.922 10.0255H40.0804L37.6699 6.23631V9.99729H35.0872L34.6006 8.8824H31.958L31.4789 10.0043H29.9817C29.3159 10.039 28.66 9.8405 28.1401 9.4469C27.6404 8.92675 27.3935 8.23369 27.4589 7.53466C27.399 6.8222 27.6474 6.1172 28.1476 5.58008C28.6767 5.15019 29.3684 4.94136 30.0641 5.00147H31.2993V6.05991H30.1015C29.7481 6.02056 29.3938 6.12589 29.1283 6.34921C28.8676 6.6695 28.7399 7.06841 28.769 7.47115C28.7242 7.89831 28.8496 8.3259 29.1208 8.67072C29.3708 8.85729 29.6863 8.94801 30.0042 8.92474H30.5731L32.3623 4.99441H34.2638L36.4048 9.7221V4.99441H38.3512L40.597 8.4802V4.99441H41.907L41.922 10.0255ZM26.9049 10.0255H25.5575V4.99441H26.8525L26.9049 10.0255ZM24.8238 6.34216C24.8432 6.90859 24.5012 7.431 23.9554 7.66873C24.203 7.74779 24.4178 7.8984 24.5693 8.09916C24.7589 8.36695 24.8412 8.68964 24.8014 9.00942V9.99729H23.4988V9.36223C23.5546 9.02672 23.4802 8.68349 23.2892 8.39552C23.117 8.21206 22.825 8.16972 22.3684 8.16972H20.9984V9.99729H19.7258V4.99441H22.6454C23.1574 4.94957 23.673 5.02977 24.1426 5.22727C24.5867 5.43615 24.855 5.87527 24.8238 6.34216ZM18.835 9.99729H14.6128V4.99441H18.8499V6.05991H15.8555V6.92782H18.7526V7.95804H15.8854V8.95297H18.8799L18.835 9.99729ZM13.6546 9.99729H12.3745V6.08813L10.5254 9.99729H9.41748L7.56842 6.05991V9.99729H4.98572L4.49164 8.8824H1.85655L1.37744 9.99729H0L2.24582 4.99441H4.15477L6.31076 9.7221V4.99441H8.37691L10.0388 8.38141L11.536 4.99441H13.6396L13.6546 9.99729ZM34.1589 7.83808L33.2831 5.84116L32.4147 7.83808H34.1589ZM23.2068 7.04778C23.0087 7.12776 22.7925 7.15931 22.578 7.13951H20.9984V6.05991H22.5555C22.7624 6.04659 22.9698 6.07796 23.1619 6.15164C23.3353 6.23476 23.4408 6.40601 23.4314 6.58912C23.4385 6.76704 23.3551 6.93747 23.2068 7.04778ZM4.04248 7.83808L3.17409 5.84116L2.3132 7.83808H4.04248Z" fill="url(#paint0_linear_2049_52)"></path><path d="M24.0683 15.6381C24.0683 17.0512 23.0101 17.3126 21.9447 17.3126H20.4082V19.0013H18.0309L16.516 17.3409L14.9433 19.0154H10.0727V13.9918H15.0157L16.5233 15.6381L18.0816 13.9848H22.0462C22.9884 13.9918 24.0683 14.2603 24.0683 15.6381ZM14.3199 17.9768H11.2903V16.9664H13.9938V15.956H11.2903V15.0446H14.3779L15.7188 16.5001L14.3199 17.9768ZM19.1833 18.5632L17.2988 16.5213L19.1833 14.5429V18.5632ZM21.9954 16.3446H20.4082V15.0729H22.0462C22.4883 15.0729 22.771 15.2424 22.771 15.6805C22.771 16.1185 22.4666 16.3446 21.9954 16.3446ZM30.287 14.0201H34.3676V15.0729H31.4684V15.9843H34.2733V16.9947H31.5119V18.005H34.4111V19.0437H30.287V14.0201ZM28.736 16.7191C28.9701 16.7976 29.1764 16.9398 29.3303 17.1289C29.5043 17.4007 29.5784 17.7221 29.5405 18.0404V19.0437H28.3083V18.4007C28.3606 18.0671 28.2886 17.7262 28.1054 17.4398C27.9315 17.249 27.6488 17.2066 27.2067 17.2066H25.8876V19.0437H24.6554V13.9918H27.4966C27.9933 13.9575 28.491 14.0424 28.9462 14.2391C29.3568 14.4599 29.5997 14.8922 29.5695 15.3484C29.5955 15.919 29.2666 16.4487 28.736 16.6909V16.7191ZM28.0112 16.0903C27.8223 16.1719 27.6155 16.2059 27.4096 16.1892H25.8876V15.0446H27.4024C27.5999 15.0249 27.7993 15.0541 27.9822 15.1294C28.1526 15.2128 28.2532 15.3894 28.2359 15.5745C28.2488 15.77 28.1516 15.9568 27.9822 16.062L28.0112 16.0903ZM39.0932 16.4082C39.3656 16.6881 39.4981 17.0704 39.4556 17.4539C39.4556 18.5349 38.7743 19.0437 37.5349 19.0437H35.0924V17.9273H37.4697C37.6464 17.9542 37.8271 17.9165 37.977 17.8213C38.0743 17.7341 38.1295 17.611 38.1292 17.4822C38.1338 17.353 38.0745 17.2294 37.9698 17.1501C37.8478 17.0656 37.6981 17.0279 37.5494 17.0441C36.3897 17.0017 34.9547 17.0441 34.9547 15.4968C34.9455 15.0579 35.1352 14.6374 35.4732 14.3473C35.8113 14.0573 36.2632 13.9273 36.7086 13.9918H39.1657V15.0729H36.9188C36.7496 15.0534 36.5782 15.0829 36.426 15.1576C36.3013 15.2361 36.2294 15.3736 36.2375 15.518C36.2328 15.6851 36.3422 15.835 36.5057 15.8854C36.6613 15.9395 36.8263 15.9635 36.9913 15.956H37.6436C38.1561 15.9083 38.667 16.0607 39.0642 16.38L39.0932 16.4082ZM44 18.3936C43.5903 18.8678 42.9651 19.1116 42.333 19.0437H39.9339V17.9273H42.2895C42.5359 17.9273 42.6881 17.9273 42.7896 17.8213C42.8814 17.731 42.9335 17.6093 42.9346 17.4822C42.9365 17.3565 42.8839 17.2359 42.7896 17.1501C42.6571 17.065 42.4974 17.0298 42.3402 17.0512C41.1878 17.0088 39.7455 17.0512 39.7455 15.5039C39.7388 15.0658 39.9293 14.6468 40.2667 14.3573C40.6041 14.0678 41.0546 13.9369 41.4995 13.9989H43.9565V13.0097H41.6952C41.155 12.9867 40.6207 13.1274 40.1659 13.4125V13.0097H36.7956C36.2813 12.9945 35.7748 13.1352 35.346 13.4125V13.0097H29.2941V13.4125C28.7899 13.1369 28.2194 12.9979 27.6415 13.0097H23.7059V13.4125C23.1902 13.1013 22.5854 12.9601 21.9809 13.0097H17.5452L16.5378 14.0766L15.5883 13.0027H9V19.9975H15.5231L16.5668 18.9094L17.5452 19.9975H21.5533V18.3512H21.9592C22.5386 18.3883 23.1193 18.304 23.6625 18.104V19.9975H26.9023V18.1746H27.0617C27.2647 18.1746 27.2791 18.1746 27.2791 18.3724V19.9975H37.3175C37.9071 20.022 38.4899 19.8663 38.9845 19.5524V19.9975H42.1663C42.7841 20.0167 43.3991 19.9084 43.971 19.6796L44 18.3936ZM44 15.1011H41.7314C41.5621 15.0813 41.3906 15.1108 41.2386 15.1859C41.1155 15.265 41.0462 15.403 41.0574 15.5462C41.051 15.7161 41.1649 15.868 41.3328 15.9137C41.4806 15.9686 41.6387 15.9927 41.7966 15.9843H42.4562C42.9627 15.9391 43.4673 16.0887 43.8623 16.4012L43.971 16.5213L44 15.1011Z" fill="url(#paint1_linear_2049_52)"></path><defs><lineargradient id="paint0_linear_2049_52" x1="13.999" y1="10.971" x2="13.999" y2="4.00654" gradientUnits="userSpaceOnUse"><stop stop-color="#0B70AB"></stop><stop offset="1" stop-color="#66BCE5"></stop></lineargradient><lineargradient id="paint1_linear_2049_52" x1="26.4674" y1="19.9975" x2="26.4674" y2="13.0027" gradientUnits="userSpaceOnUse"><stop stop-color="#0B70AB"></stop><stop offset="1" stop-color="#66BCE5"></stop></lineargradient></defs></svg><svg id="svg-apple_pay" viewBox="0 0 28 24" fill="none"><path fill-rule="evenodd" clip-rule="evenodd" d="M3.69481 8.38364C4.21365 8.42741 4.73249 8.12104 5.05677 7.73261C5.37564 7.33324 5.58642 6.79709 5.53237 6.25C5.07298 6.27188 4.5055 6.55637 4.18122 6.95574C3.88397 7.30041 3.62995 7.85844 3.69481 8.38364ZM9.86542 15.4301V6.90098H13.0271C14.6593 6.90098 15.7997 8.03893 15.7997 9.70207C15.7997 11.3652 14.6377 12.5141 12.9839 12.5141H11.1733V15.4301H9.86542ZM5.52575 8.48757C5.06865 8.46094 4.65158 8.62672 4.31469 8.76063C4.0979 8.8468 3.91432 8.91977 3.77465 8.91977C3.61792 8.91977 3.42675 8.8429 3.21212 8.75659C2.93088 8.64349 2.60935 8.51419 2.27217 8.5204C1.49931 8.53134 0.780498 8.97448 0.385962 9.68022C-0.42473 11.0917 0.175182 13.1816 0.95885 14.3305C1.34258 14.8994 1.80197 15.5231 2.40729 15.5012C2.67359 15.4911 2.86515 15.4088 3.0634 15.3236C3.29164 15.2256 3.52874 15.1238 3.89896 15.1238C4.25634 15.1238 4.48307 15.2229 4.70072 15.3182C4.90767 15.4087 5.10641 15.4956 5.40144 15.4903C6.02837 15.4794 6.42291 14.9213 6.80664 14.3524C7.22074 13.7417 7.40272 13.1457 7.43033 13.0553L7.43357 13.0448C7.43291 13.0441 7.42779 13.0418 7.41877 13.0376C7.28034 12.9734 6.22228 12.4831 6.21213 11.1683C6.20194 10.0647 7.05136 9.50555 7.18507 9.41753C7.1932 9.41218 7.19869 9.40856 7.20117 9.40668C6.66071 8.59699 5.81759 8.50945 5.52575 8.48757ZM18.1894 15.4963C19.0109 15.4963 19.773 15.075 20.1189 14.4076H20.1459V15.4306H21.3565V11.1852C21.3565 9.95426 20.3837 9.16098 18.8866 9.16098C17.4976 9.16098 16.4707 9.9652 16.4329 11.0703H17.6111C17.7084 10.5451 18.1894 10.2004 18.8488 10.2004C19.6487 10.2004 20.0972 10.5779 20.0972 11.2727V11.7432L18.4651 11.8417C16.9464 11.9347 16.1249 12.5639 16.1249 13.658C16.1249 14.7632 16.9734 15.4963 18.1894 15.4963ZM18.5404 14.4838C17.8432 14.4838 17.4 14.1446 17.4 13.6249C17.4 13.0887 17.827 12.7769 18.6431 12.7276L20.0969 12.6346V13.1161C20.0969 13.9148 19.4267 14.4838 18.5404 14.4838ZM25.3712 15.7641C24.8469 17.2576 24.247 17.75 22.9715 17.75C22.8743 17.75 22.55 17.7391 22.4743 17.7172V16.6941C22.5554 16.7051 22.7554 16.716 22.8581 16.716C23.4363 16.716 23.7606 16.4698 23.9606 15.8297L24.0795 15.4522L21.8636 9.24278H23.231L24.7713 14.2815H24.7983L26.3386 9.24278H27.6682L25.3712 15.7641ZM11.1733 8.0165H12.6811C13.8161 8.0165 14.4647 8.62923 14.4647 9.707C14.4647 10.7848 13.8161 11.403 12.6757 11.403H11.1733V8.0165Z" fill="black"></path></svg><svg id="svg-arrow_down" viewBox="0 0 24 24"><path d="M2 8.453L4.357 6l7.646 8.095L19.643 6 22 8.453 12.003 19 2 8.453"></path></svg><svg id="svg-arrow_left" viewBox="0 0 24 24"><path d="M16.047 2L18.5 4.358l-8.095 7.645 8.095 7.64L16.047 22 5.5 12.003 16.047 2"></path></svg><svg id="svg-arrow_right" viewBox="0 0 24 24"><path d="M7.953 2L5.5 4.358l8.095 7.645-8.095 7.64L7.953 22 18.5 12.003 7.953 2"></path></svg><svg id="svg-arrow_up" viewBox="0 0 24 24"><path d="M22 16.047L19.643 18.5l-7.646-8.095-7.64 8.095L2 16.047 11.997 5.5 22 16.047"></path></svg><svg id="svg-bank_transfer" viewBox="0 0 24 24"><path d="M2.4924 6C1.88754 6.14984 2.00055 6.26614 2.00055 6.89497C2.00055 7.64914 2.00044 8.48419 2.00044 8.48419L22.0004 8.48418C22.0004 8.48418 22.0004 7.65122 22.0004 6.8996C22.0004 6.26909 22.108 6.14565 21.5004 6L12.5188 3.63582C12.1807 3.54683 11.8279 3.54729 11.4903 3.63824C9.83243 4.08488 4.60005 5.48978 2.4924 6Z"></path><path fill-rule="evenodd" clip-rule="evenodd" d="M22.0004 20.5H2.00044V18.5H22.0004V20.5Z"></path><path fill-rule="evenodd" clip-rule="evenodd" d="M20.0004 9.5V17.5H18.0004V9.5H20.0004Z"></path><path fill-rule="evenodd" clip-rule="evenodd" d="M13.0004 9.5V17.5H11.0004V9.5H13.0004Z"></path><path fill-rule="evenodd" clip-rule="evenodd" d="M6.00044 9.5L6.00044 17.5H4.00044L4.00044 9.5H6.00044Z"></path></svg><svg id="svg-carte_bancaire" viewBox="0 0 27 24" fill="none" xmlns="http://www.w3.org/2000/svg"><path fill-rule="evenodd" clip-rule="evenodd" d="M0 22H27V2H0V22Z" fill="url(#paint0_linear_2049_59)"></path><path fill-rule="evenodd" clip-rule="evenodd" d="M8.19 7.5C9.83 7.5 11.65 7.835 12.69 8.725C13.565 9.47 13.855 10.635 13.905 11.765H8.185V12.16H13.915C13.915 13.445 13.56 14.86 12.525 15.705C11.49 16.55 9.825 16.82 8.2 16.82C6.575 16.82 4.83 16.51 3.85 15.695C2.87 14.88 2.5 13.35 2.5 12.16C2.5 10.97 2.685 9.645 3.585 8.82C4.63 7.88 6.55 7.5 8.19 7.5ZM22.245 12.155C23.4263 12.2441 24.3384 13.2303 24.335 14.415C24.3313 15.5854 23.4138 16.549 22.245 16.61H14.29V12.155H22.245ZM22.15 7.69C22.6926 7.68042 23.2158 7.89174 23.5995 8.27548C23.9833 8.65921 24.1946 9.1824 24.185 9.725C24.1881 10.7993 23.3612 11.6938 22.29 11.775H14.29V7.69H22.15Z" fill="white"></path><defs><lineargradient id="paint0_linear_2049_59" x1="13.2187" y1="1.7556" x2="13.2187" y2="21.6844" gradientUnits="userSpaceOnUse"><stop stop-color="#1B1F46"></stop><stop offset="0.78" stop-color="#2B636B"></stop><stop offset="0.86" stop-color="#216230"></stop><stop offset="1" stop-color="#216230"></stop></lineargradient></defs></svg><svg id="svg-checkbox_off" viewBox="0 0 24 24"><path d="M19 2a3 3 0 013 3v14a3 3 0 01-3 3H5a3 3 0 01-3-3V5a3 3 0 013-3h14zm0 1H5a2 2 0 00-1.995 1.85L3 5v14a2 2 0 001.85 1.995L5 21h14a2 2 0 001.995-1.85L21 19V5a2 2 0 00-1.85-1.995L19 3z"></path></svg><svg id="svg-checkbox_on" viewBox="0 0 24 24"><path d="M20 2a2 2 0 011.995 1.85L22 4v16a2 2 0 01-1.85 1.995L20 22H4a2 2 0 01-1.995-1.85L2 20V4l.005-.15a2 2 0 011.838-1.844L4 2h16zm-2.606 4.85l-7.668 7.626-3.059-3.115-1.784 1.751 4.823 4.912 9.45-9.401-1.762-1.773z"></path></svg><svg id="svg-close_default" viewBox="0 0 24 24"><path d="M21.707 4.8L19.2 2.293l-7.2 7.2-7.2-7.2L2.293 4.8l7.2 7.2-7.2 7.2L4.8 21.707l7.2-7.201 7.2 7.201 2.507-2.507-7.201-7.2z"></path></svg><svg id="svg-discover" viewBox="0 0 47 24" fill="none" xmlns="http://www.w3.org/2000/svg"><path d="M2.06701 8.02011H0V15.9224H2.06701C3.15975 15.9224 3.94969 15.6351 4.64747 15.0172C5.47691 14.2701 5.96404 13.1494 5.96404 11.9856C5.95087 9.64367 4.35783 8.02011 2.06701 8.02011ZM3.72588 13.9684C3.27824 14.3994 2.71212 14.6006 1.79053 14.6006H1.40872V9.37069H1.79053C2.69896 9.37069 3.25191 9.5431 3.72588 10.0029C4.21301 10.477 4.50265 11.2098 4.50265 11.9713C4.50265 12.7328 4.21301 13.4942 3.72588 13.9684Z" fill="#231F20"></path><path d="M8.01786 8.02011H6.60913V15.9224H8.01786V8.02011Z" fill="#231F20"></path><path d="M11.4672 11.0517C10.6246 10.7069 10.3745 10.477 10.3745 10.0603C10.3745 9.55745 10.8221 9.18389 11.4278 9.18389C11.8491 9.18389 12.2045 9.37067 12.56 9.83044L13.2973 8.78159C12.6917 8.20688 11.9675 7.90515 11.1644 7.90515C9.88737 7.90515 8.89995 8.88216 8.89995 10.1753C8.89995 11.2672 9.36075 11.8276 10.6773 12.3448C11.2303 12.5603 11.5067 12.704 11.6516 12.7902C11.928 12.9914 12.0729 13.2787 12.0729 13.6092C12.0729 14.2557 11.6121 14.7299 10.9801 14.7299C10.3087 14.7299 9.76888 14.3563 9.43974 13.681L8.53131 14.6437C9.17643 15.6925 9.96637 16.1523 11.0328 16.1523C12.4942 16.1523 13.5343 15.0891 13.5343 13.5517C13.5606 12.273 13.0735 11.6983 11.4672 11.0517Z" fill="#231F20"></path><path d="M13.9951 11.9856C13.9951 14.3132 15.6671 16.1092 17.8131 16.1092C18.4187 16.1092 18.9453 15.9799 19.5773 15.6494V13.8391C19.0112 14.4569 18.5109 14.7011 17.8789 14.7011C16.457 14.7011 15.4433 13.5804 15.4433 11.9713C15.4433 10.4483 16.4834 9.25573 17.8131 9.25573C18.4845 9.25573 18.998 9.51435 19.5773 10.1465V8.33619C18.9585 7.99136 18.445 7.84769 17.8394 7.84769C15.7198 7.84769 13.9951 9.68677 13.9951 11.9856Z" fill="#231F20"></path><path d="M30.7945 13.3362L28.8591 8.02011H27.3187L30.3863 16.1236H31.1499L34.2702 8.02011H32.743L30.7945 13.3362Z" fill="#231F20"></path><path d="M34.9153 15.9224H38.9176V14.5862H36.324V12.4598H38.8255V11.1236H36.324V9.37069H38.9176V8.02011H34.9153V15.9224Z" fill="#231F20"></path><path d="M44.5131 10.3621C44.5131 8.88219 43.5783 8.03448 41.9458 8.03448H39.8524V15.9368H41.2611V12.7615H41.4455L43.394 15.9368H45.1318L42.8542 12.6035C43.9206 12.3592 44.5131 11.569 44.5131 10.3621ZM41.6693 11.6695H41.2611V9.27012H41.6956C42.5777 9.27012 43.0517 9.67242 43.0517 10.4483C43.0517 11.2385 42.5777 11.6695 41.6693 11.6695Z" fill="#231F20"></path><path d="M23.9088 16.2098C26.0393 16.2098 27.7663 14.325 27.7663 12C27.7663 9.675 26.0393 7.79022 23.9088 7.79022C21.7783 7.79022 20.0513 9.675 20.0513 12C20.0513 14.325 21.7783 16.2098 23.9088 16.2098Z" fill="url(#paint0_linear_2049_80)"></path><path opacity="0.65" d="M23.9088 16.2098C26.0393 16.2098 27.7663 14.325 27.7663 12C27.7663 9.675 26.0393 7.79022 23.9088 7.79022C21.7783 7.79022 20.0513 9.675 20.0513 12C20.0513 14.325 21.7783 16.2098 23.9088 16.2098Z" fill="url(#paint1_linear_2049_80)"></path><path d="M46.7102 8.72447C46.7102 8.47755 46.484 8.3541 46.1285 8.3541H45.6115V9.53928H45.9993V9.07014L46.4517 9.53928H46.9041L46.3871 9.04545C46.581 9.02076 46.7102 8.89731 46.7102 8.72447ZM46.0639 8.89731H45.9993V8.57632H46.0639C46.2578 8.57632 46.3547 8.6257 46.3547 8.72447C46.3547 8.84792 46.2578 8.89731 46.0639 8.89731Z" fill="#231F20"></path><path d="M46.0178 7.90964C45.4986 7.90964 45.0696 8.37877 45.0696 8.94667C45.0696 9.51458 45.4986 9.98371 46.0178 9.98371C46.5371 9.98371 46.966 9.51458 46.966 8.94667C46.966 8.37877 46.5371 7.90964 46.0178 7.90964ZM46.0178 9.81087C45.6115 9.81087 45.2503 9.4405 45.2503 8.94667C45.2503 8.47754 45.5889 8.08248 46.0178 8.08248C46.4242 8.08248 46.7629 8.47754 46.7629 8.94667C46.7629 9.41581 46.4242 9.81087 46.0178 9.81087Z" fill="#231F20"></path><defs><lineargradient id="paint0_linear_2049_80" x1="25.5643" y1="15.3688" x2="23.0068" y2="10.9989" gradientUnits="userSpaceOnUse"><stop stop-color="#F89F20"></stop><stop offset="0.2502" stop-color="#F79A20"></stop><stop offset="0.5331" stop-color="#F68D20"></stop><stop offset="0.6196" stop-color="#F58720"></stop><stop offset="0.7232" stop-color="#F48120"></stop><stop offset="1" stop-color="#F37521"></stop></lineargradient><lineargradient id="paint1_linear_2049_80" x1="25.2108" y1="15.3075" x2="21.4261" y2="7.23471" gradientUnits="userSpaceOnUse"><stop stop-color="#F58720"></stop><stop offset="0.3587" stop-color="#E16F27"></stop><stop offset="0.703" stop-color="#D4602C"></stop><stop offset="0.9816" stop-color="#D05B2E"></stop></lineargradient></defs></svg><svg id="svg-info_default" viewBox="0 0 24 24"><path d="M12 2c5.523 0 10 4.477 10 10s-4.477 10-10 10S2 17.523 2 12 6.477 2 12 2zm1 8h-2v8h2v-8zm0-4h-2v2h2V6z"></path></svg><svg id="svg-google_pay" viewBox="0 0 28 24" fill="none"><path fill-rule="evenodd" clip-rule="evenodd" d="M12.8819 15.2451V11.8704H14.6237C15.3374 11.8704 15.9398 11.6313 16.4309 11.1596L16.5488 11.04C17.4458 10.0635 17.3869 8.54223 16.4309 7.63877C15.9529 7.16047 15.2981 6.90139 14.6237 6.91467H11.8277V15.2451H12.8819ZM12.8824 10.8475V7.93779H14.6506C15.0305 7.93779 15.3907 8.08394 15.6592 8.34966C16.2289 8.90768 16.242 9.83772 15.6919 10.4157C15.4234 10.7013 15.0436 10.8608 14.6506 10.8475H12.8824ZM21.4666 9.99069C21.0148 9.57217 20.3993 9.35959 19.6201 9.35959C18.6183 9.35959 17.8653 9.73161 17.3676 10.469L18.2974 11.0602C18.6379 10.5554 19.1028 10.3029 19.6921 10.3029C20.0654 10.3029 20.4255 10.4424 20.7071 10.6949C20.9821 10.934 21.1392 11.2795 21.1392 11.6448V11.8906C20.7333 11.6648 20.2225 11.5452 19.5939 11.5452C18.8606 11.5452 18.2712 11.7179 17.8325 12.07C17.3938 12.4221 17.1712 12.8871 17.1712 13.4783C17.1581 14.0164 17.3873 14.5279 17.7932 14.8734C18.2058 15.2454 18.7296 15.4314 19.3451 15.4314C20.0719 15.4314 20.6481 15.1059 21.0869 14.4549H21.1327V15.2454H22.1411V11.7312C22.1411 10.9938 21.9184 10.4092 21.4666 9.99069ZM18.6043 14.1958C18.3882 14.0363 18.2572 13.7773 18.2572 13.4982C18.2572 13.186 18.4013 12.9269 18.6829 12.721C18.971 12.5151 19.3312 12.4088 19.7569 12.4088C20.3463 12.4021 20.8048 12.535 21.1322 12.8007C21.1322 13.2524 20.9554 13.6444 20.6083 13.9765C20.2939 14.2954 19.8683 14.4748 19.4229 14.4748C19.1282 14.4814 18.8401 14.3818 18.6043 14.1958ZM24.4062 17.75L27.929 9.54579H26.7831L25.1527 13.6379H25.1331L23.4633 9.54579H22.3175L24.6289 14.8802L23.3193 17.75H24.4062Z" fill="#3C4043"></path><path d="M9.23953 11.1397C9.23953 10.8142 9.21334 10.4887 9.16095 10.1698H4.7149V12.0099H7.26205C7.15728 12.6012 6.81679 13.1326 6.31915 13.4648V14.6605H7.83827C8.72879 13.8302 9.23953 12.6012 9.23953 11.1397Z" fill="#4285F4"></path><path d="M4.71759 15.8167C5.98789 15.8167 7.06175 15.3916 7.84095 14.6608L6.32183 13.4651C5.89621 13.7574 5.35274 13.9234 4.71759 13.9234C3.48657 13.9234 2.44545 13.0798 2.07222 11.9504H0.507263V13.1861C1.30611 14.8003 2.93655 15.8167 4.71759 15.8167Z" fill="#34A853"></path><path d="M2.07111 11.9501C1.87465 11.3588 1.87465 10.7144 2.07111 10.1165V8.88757H0.505909C-0.168636 10.2361 -0.168636 11.8305 0.505909 13.179L2.07111 11.9501Z" fill="#FBBC04"></path><path d="M4.71759 8.14352C5.39202 8.13023 6.04027 8.38931 6.52482 8.86097L7.87369 7.49249C7.01591 6.68203 5.88967 6.23694 4.71759 6.25023C2.93655 6.25023 1.30611 7.27327 0.507263 8.88755L2.07222 10.1232C2.44545 8.98719 3.48657 8.14352 4.71759 8.14352Z" fill="#EA4335"></path></svg><svg id="svg-maestro" viewBox="0 0 26 24" fill="none" xmlns="http://www.w3.org/2000/svg"><path d="M7.4002 21.8699V20.4799C7.41623 20.244 7.33221 20.0125 7.16957 19.8444C7.00693 19.6764 6.78141 19.588 6.55057 19.6019C6.24558 19.5815 5.95387 19.7324 5.78931 19.9957C5.63928 19.7402 5.36456 19.5891 5.07336 19.6019C4.81981 19.5888 4.57844 19.714 4.43897 19.9309V19.6575H3.96771V21.8699H4.4435V20.6444C4.42215 20.4909 4.46937 20.3357 4.57212 20.2216C4.67487 20.1076 4.82229 20.0468 4.97367 20.056C5.28633 20.056 5.44493 20.2645 5.44493 20.6397V21.8699H5.92072V20.6444C5.90107 20.4912 5.94887 20.337 6.05124 20.2234C6.1536 20.1098 6.29998 20.0485 6.45088 20.056C6.77261 20.056 6.92667 20.2645 6.92667 20.6397V21.8699H7.4002ZM10.051 20.7648V19.6598H9.57524V19.9285C9.41312 19.7146 9.16001 19.5939 8.89554 19.6042C8.26989 19.6042 7.76271 20.1228 7.76271 20.7625C7.76271 21.4022 8.26989 21.9208 8.89554 21.9208C9.16001 21.9312 9.41312 21.8104 9.57524 21.5965V21.8652H10.0465L10.051 20.7648ZM8.29967 20.7648C8.32063 20.4013 8.62195 20.1215 8.97787 20.1352C9.3338 20.1489 9.61376 20.4509 9.60801 20.815C9.60225 21.1792 9.31288 21.4718 8.95671 21.4737C8.77436 21.4781 8.59865 21.4037 8.47273 21.2688C8.34681 21.1338 8.28233 20.9509 8.29514 20.7648H8.29967ZM20.1197 19.6065C20.2748 19.6061 20.4286 19.636 20.5728 19.6946C20.7104 19.7509 20.8359 19.8344 20.9421 19.9401C21.0469 20.0449 21.1301 20.1702 21.1868 20.3085C21.3052 20.6055 21.3052 20.9381 21.1868 21.2351C21.1302 21.3734 21.047 21.4987 20.9421 21.6034C20.8359 21.7092 20.7104 21.7927 20.5728 21.849C20.274 21.9677 19.9426 21.9677 19.6439 21.849C19.5069 21.7927 19.3821 21.7093 19.2768 21.6034C19.173 21.4983 19.0906 21.3731 19.0344 21.2351C18.9163 20.938 18.9163 20.6055 19.0344 20.3085C19.0906 20.1705 19.173 20.0453 19.2768 19.9401C19.3821 19.8343 19.5069 19.7509 19.6439 19.6946C19.7932 19.6313 19.9534 19.599 20.1151 19.5996L20.1197 19.6065ZM20.1197 20.0699C20.0274 20.0686 19.9358 20.0859 19.85 20.1208C19.7693 20.1539 19.696 20.2036 19.6348 20.2668C19.5723 20.3333 19.5238 20.4121 19.4921 20.4984C19.4229 20.6834 19.4229 20.888 19.4921 21.0729C19.5237 21.1593 19.5723 21.2381 19.6348 21.3046C19.696 21.3678 19.7693 21.4175 19.85 21.4506C20.0227 21.5197 20.2144 21.5197 20.387 21.4506C20.4716 21.4186 20.5488 21.3689 20.6136 21.3046C20.6762 21.2382 20.7248 21.1594 20.7563 21.0729C20.8255 20.888 20.8255 20.6834 20.7563 20.4984C20.7248 20.412 20.6762 20.3332 20.6136 20.2668C20.5488 20.2025 20.4716 20.1528 20.387 20.1208C20.3015 20.0808 20.2091 20.0588 20.1151 20.056L20.1197 20.0699ZM12.6112 20.7648C12.6112 20.0699 12.1898 19.6065 11.5849 19.6065C10.9592 19.6155 10.4592 20.1413 10.4679 20.7811C10.4767 21.4208 10.991 21.9321 11.6166 21.9231C11.9392 21.9344 12.2545 21.8239 12.5025 21.6127L12.2759 21.256C12.097 21.4027 11.8754 21.4842 11.6461 21.4876C11.3222 21.5161 11.0349 21.2758 10.9981 20.9455H12.6044C12.6112 20.8876 12.6112 20.8297 12.6112 20.7648ZM11.0003 20.5702C11.0185 20.2646 11.2697 20.0283 11.569 20.0351C11.7114 20.032 11.8492 20.0869 11.9521 20.1877C12.0549 20.2885 12.1143 20.4269 12.1173 20.5726L11.0003 20.5702ZM14.5937 20.2228C14.3868 20.1009 14.1527 20.0355 13.914 20.0328C13.6557 20.0328 13.5016 20.1301 13.5016 20.2923C13.5016 20.4544 13.6648 20.4822 13.8687 20.51L14.0952 20.5424C14.5665 20.6119 14.852 20.8158 14.852 21.205C14.852 21.5942 14.4895 21.9278 13.8664 21.9278C13.5325 21.9369 13.2045 21.8362 12.9307 21.6405L13.1573 21.2652C13.3652 21.4229 13.619 21.5045 13.8777 21.4969C14.1995 21.4969 14.3717 21.3996 14.3717 21.2282C14.3717 21.1031 14.2493 21.0336 13.991 20.9965L13.7645 20.9641C13.2796 20.8946 13.0168 20.6722 13.0168 20.3108C13.0168 19.8706 13.3702 19.6019 13.9231 19.6019C14.2325 19.5913 14.5384 19.6717 14.8044 19.8336L14.5937 20.2228ZM16.8594 20.0977H16.0913V21.0961C16.0913 21.3278 16.1683 21.4668 16.404 21.4668C16.551 21.4618 16.6945 21.4187 16.8208 21.3417L16.9568 21.754C16.7801 21.8667 16.5759 21.9262 16.3677 21.9255C15.8104 21.9255 15.6155 21.6197 15.6155 21.1054V20.0977H15.176V19.6575H15.6155V18.9857H16.0913V19.6575H16.8594V20.0977ZM18.4884 19.6019C18.6027 19.6024 18.7161 19.6227 18.8237 19.6621L18.6787 20.1255C18.5851 20.0873 18.485 20.0684 18.3842 20.0699C18.076 20.0699 17.931 20.2737 17.931 20.6397V21.8791H17.4598V19.6668H17.9265V19.9355C18.0443 19.7286 18.2634 19.6041 18.4974 19.6112L18.4884 19.6019ZM21.7464 21.5478C21.7759 21.5475 21.8051 21.553 21.8325 21.5641C21.8585 21.5749 21.8823 21.5906 21.9027 21.6104C21.9226 21.6304 21.9388 21.6539 21.9503 21.6799C21.9735 21.7346 21.9735 21.7966 21.9503 21.8513C21.9388 21.8773 21.9226 21.9008 21.9027 21.9208C21.8823 21.9406 21.8585 21.9563 21.8325 21.9672C21.8054 21.9794 21.7761 21.9857 21.7464 21.9857C21.6587 21.985 21.5793 21.9327 21.5425 21.8513C21.5196 21.7966 21.5196 21.7346 21.5425 21.6799C21.554 21.6539 21.5702 21.6304 21.5901 21.6104C21.6105 21.5906 21.6343 21.5749 21.6603 21.5641C21.6842 21.5544 21.7094 21.5489 21.7351 21.5478H21.7464ZM21.7464 21.9394C21.769 21.9395 21.7914 21.9348 21.8121 21.9255C21.8316 21.9166 21.8493 21.904 21.8642 21.8884C21.9032 21.8482 21.9203 21.7909 21.9099 21.7353C21.8995 21.6797 21.8629 21.633 21.8121 21.6104C21.7914 21.6012 21.769 21.5964 21.7464 21.5965C21.7238 21.5966 21.7015 21.6013 21.6807 21.6104C21.6603 21.6189 21.6419 21.6315 21.6263 21.6475C21.5676 21.713 21.5676 21.8136 21.6263 21.8791C21.658 21.9119 21.7013 21.9303 21.7464 21.9301V21.9394ZM21.76 21.6637C21.7812 21.6626 21.802 21.6692 21.8189 21.6822C21.833 21.6941 21.8406 21.7122 21.8393 21.7309C21.84 21.7464 21.8342 21.7615 21.8234 21.7726C21.8103 21.7848 21.7936 21.7921 21.7759 21.7934L21.8416 21.8699H21.7895L21.7283 21.7934H21.7079V21.8699H21.6648V21.6567L21.76 21.6637ZM21.7102 21.7031V21.7587H21.76C21.7689 21.7614 21.7783 21.7614 21.7872 21.7587C21.7904 21.7521 21.7904 21.7444 21.7872 21.7378C21.7904 21.7313 21.7904 21.7235 21.7872 21.717C21.7783 21.7143 21.7689 21.7143 21.76 21.717L21.7102 21.7031Z" fill="black"></path><path d="M16.4433 3.70187H9.44327V16.1095H16.4433V3.70187Z" fill="#7673C0"></path><path d="M9.88771 9.9068C9.8851 7.48521 11.0119 5.197 12.9433 3.70187C9.66322 1.15941 4.95294 1.52974 2.12269 4.5526C-0.707563 7.57546 -0.707563 12.2359 2.12269 15.2588C4.95294 18.2817 9.66322 18.652 12.9433 16.1095C11.0125 14.6149 9.88578 12.3276 9.88771 9.9068Z" fill="#EB001B"></path><path d="M25.8855 9.9068C25.8848 12.927 24.1361 15.6818 21.3819 17.0018C18.6277 18.3218 15.3512 17.9754 12.9433 16.1095C14.8732 14.6136 16 12.3267 16 9.9057C16 7.48475 14.8732 5.19779 12.9433 3.70187C15.3512 1.83471 18.6286 1.48748 21.3837 2.80764C24.1387 4.12781 25.8877 6.88359 25.8877 9.90461L25.8855 9.9068Z" fill="#00A1DF"></path></svg><svg id="svg-map_location" viewBox="0 0 24 24"><path d="M13.226 19.907l-.225.031L13 22h-2v-2.062l.086.01a8.005 8.005 0 01-6.993-6.722L4.062 13H2v-2h2.062l-.01.086a8.004 8.004 0 016.778-7.001l.17-.023V2h2l.001 2.062.225.031a8.006 8.006 0 016.688 6.732l.024.175H22v2l-2.062.001-.031.225a8.006 8.006 0 01-6.681 6.68zM12 6a6 6 0 100 12 6 6 0 000-12zm0 2a4 4 0 110 8 4 4 0 010-8z"></path></svg><svg id="svg-map_marker" viewBox="0 0 14 20"><path d="M7 0C3.13 0 0 3.13 0 7c0 5.25 7 13 7 13s7-7.75 7-13c0-3.87-3.13-7-7-7z"></path></svg><svg id="svg-map_marker_hollow" viewBox="0 0 24 24"><path d="M12 2C15.7855 2 18.8691 5.00478 18.9959 8.75935L19 9C19 12.3333 16.6667 16.6667 12 22C7.33333 16.6667 5 12.3333 5 9L5.00406 8.75935C5.1309 5.00478 8.21455 2 12 2ZM12 6C10.3431 6 9 7.34315 9 9C9 10.6569 10.3431 12 12 12C13.6569 12 15 10.6569 15 9C15 7.34315 13.6569 6 12 6Z"></path></svg><svg id="svg-mastercard" viewBox="0 0 27 24" fill="none" xmlns="http://www.w3.org/2000/svg"><path d="M4.62191 21.8639V20.425C4.63845 20.1802 4.55146 19.94 4.38311 19.7655C4.21477 19.5911 3.98136 19.4994 3.74243 19.5138C3.42756 19.4926 3.1264 19.6488 2.95651 19.9214C2.80162 19.6569 2.51801 19.5005 2.21738 19.5138C1.95562 19.5002 1.70643 19.6298 1.56245 19.8543V19.5713H1.07593V21.8639H1.56713V20.6025C1.54597 20.4438 1.59502 20.2836 1.7009 20.1658C1.80678 20.048 1.95842 19.9848 2.11446 19.9934C2.43725 19.9934 2.60098 20.2092 2.60098 20.5977V21.8735H3.09218V20.6025C3.07189 20.4439 3.12124 20.2843 3.22692 20.1667C3.3326 20.0491 3.48372 19.9856 3.63951 19.9934C3.97165 19.9934 4.13071 20.2092 4.13071 20.5977V21.8735L4.62191 21.8639ZM11.8893 19.5713H11.0893V18.8759H10.5981V19.5713H10.1537V20.027H10.6075V21.0821C10.6075 21.6145 10.8087 21.931 11.3841 21.931C11.599 21.9318 11.8098 21.8703 11.9922 21.7536L11.8519 21.3267C11.7214 21.4065 11.5733 21.4511 11.4215 21.4562C11.1876 21.4562 11.0987 21.3027 11.0987 21.0725V20.027H11.894L11.8893 19.5713ZM16.0387 19.5138C15.7971 19.5065 15.5709 19.6353 15.4493 19.8495V19.5713H14.9675V21.8639H15.454V20.5785C15.454 20.1996 15.613 19.9886 15.9218 19.9886C16.0259 19.9871 16.1292 20.0067 16.2259 20.0461L16.3756 19.5665C16.2645 19.5258 16.1474 19.5047 16.0294 19.5042L16.0387 19.5138ZM9.76545 19.7536C9.49006 19.5857 9.17343 19.5025 8.85322 19.5138C8.28718 19.5138 7.91761 19.7919 7.91761 20.2476C7.91761 20.6217 8.18894 20.8519 8.68949 20.9238L8.92339 20.9574C9.19004 20.9958 9.31635 21.0677 9.31635 21.1972C9.31635 21.3747 9.13859 21.4754 8.80644 21.4754C8.53928 21.4833 8.27728 21.3989 8.06263 21.2356L7.82873 21.6241C8.11213 21.8269 8.45157 21.9312 8.79709 21.9214C9.44266 21.9214 9.81691 21.6097 9.81691 21.1732C9.81691 20.7368 9.52219 20.5593 9.03567 20.4874L8.80176 20.4538C8.59125 20.425 8.42284 20.3819 8.42284 20.2284C8.42284 20.0749 8.5819 19.9598 8.84855 19.9598C9.095 19.9627 9.33661 20.0304 9.55026 20.1564L9.76545 19.7536ZM22.7962 19.5138C22.5546 19.5065 22.3284 19.6353 22.2068 19.8495V19.5713H21.7249V21.8639H22.2115V20.5785C22.2115 20.1996 22.3705 19.9886 22.6793 19.9886C22.7833 19.9871 22.8867 20.0067 22.9833 20.0461L23.133 19.5665C23.0219 19.5258 22.9049 19.5047 22.7869 19.5042L22.7962 19.5138ZM16.5276 20.7128C16.5159 21.0386 16.6386 21.3543 16.8657 21.5825C17.0927 21.8107 17.4031 21.9303 17.7205 21.9118C18.0126 21.9271 18.2997 21.8295 18.5251 21.6385L18.2912 21.2356C18.1231 21.3671 17.918 21.4394 17.7065 21.4418C17.3336 21.4109 17.0463 21.0916 17.0463 20.708C17.0463 20.3244 17.3336 20.0051 17.7065 19.9742C17.918 19.9766 18.1231 20.0489 18.2912 20.1804L18.5251 19.7775C18.2997 19.5865 18.0126 19.4889 17.7205 19.5042C17.4031 19.4857 17.0927 19.6053 16.8657 19.8335C16.6386 20.0617 16.5159 20.3774 16.5276 20.7032V20.7128ZM21.084 20.7128V19.5713H20.5975V19.8495C20.4299 19.6284 20.1688 19.5034 19.8958 19.5138C19.2499 19.5138 18.7263 20.0506 18.7263 20.7128C18.7263 21.375 19.2499 21.9118 19.8958 21.9118C20.1688 21.9222 20.4299 21.7972 20.5975 21.5761V21.8543H21.084V20.7128ZM19.2736 20.7128C19.2953 20.3365 19.6063 20.0469 19.9738 20.061C20.3412 20.0752 20.6303 20.3878 20.6243 20.7648C20.6184 21.1417 20.3197 21.4447 19.952 21.4466C19.7647 21.449 19.585 21.3712 19.4562 21.2319C19.3274 21.0925 19.2612 20.9044 19.2736 20.7128ZM13.4026 19.5138C12.7567 19.523 12.2405 20.0674 12.2495 20.7296C12.2585 21.3918 12.7895 21.9211 13.4354 21.9118C13.7719 21.9296 14.1029 21.8184 14.364 21.6001L14.1301 21.2308C13.9454 21.3827 13.7166 21.467 13.4798 21.4706C13.1454 21.5001 12.8489 21.2513 12.8109 20.9094H14.4716C14.4716 20.8471 14.4716 20.7847 14.4716 20.7176C14.4716 19.9982 14.0365 19.5186 13.4097 19.5186L13.4026 19.5138ZM13.4026 19.9598C13.5497 19.9566 13.6919 20.0134 13.7981 20.1178C13.9043 20.2221 13.9656 20.3654 13.9687 20.5162H12.7992C12.8168 20.196 13.0807 19.9489 13.3933 19.9598H13.4026ZM25.5914 20.7176V18.6505H25.1236V19.8495C24.9559 19.6284 24.6948 19.5034 24.4219 19.5138C23.7759 19.5138 23.2523 20.0506 23.2523 20.7128C23.2523 21.375 23.7759 21.9118 24.4219 21.9118C24.6948 21.9222 24.9559 21.7972 25.1236 21.5761V21.8543H25.5914V20.7176ZM26.403 21.5305C26.4334 21.5302 26.4636 21.5359 26.4919 21.5473C26.5188 21.5586 26.5433 21.5748 26.5644 21.5953C26.585 21.616 26.6016 21.6404 26.6135 21.6672C26.6375 21.7238 26.6375 21.7881 26.6135 21.8447C26.6016 21.8716 26.585 21.896 26.5644 21.9166C26.5433 21.9371 26.5188 21.9534 26.4919 21.9646C26.4639 21.9773 26.4336 21.9838 26.403 21.9838C26.3125 21.9831 26.2305 21.9289 26.1925 21.8447C26.1688 21.788 26.1688 21.7239 26.1925 21.6672C26.2044 21.6404 26.2211 21.616 26.2416 21.5953C26.2627 21.5748 26.2873 21.5586 26.3141 21.5473C26.3446 21.5349 26.3773 21.5292 26.41 21.5305H26.403ZM26.403 21.9358C26.4264 21.936 26.4495 21.9311 26.4708 21.9214C26.491 21.9122 26.5092 21.8992 26.5246 21.8831C26.5853 21.8152 26.5853 21.7111 26.5246 21.6433C26.5093 21.6271 26.491 21.614 26.4708 21.6049C26.4495 21.5953 26.4264 21.5904 26.403 21.5905C26.3797 21.5906 26.3566 21.5955 26.3352 21.6049C26.3142 21.6137 26.2951 21.6268 26.279 21.6433C26.2184 21.7111 26.2184 21.8152 26.279 21.8831C26.2951 21.8995 26.3142 21.9125 26.3352 21.9214C26.3588 21.9319 26.3843 21.9368 26.41 21.9358H26.403ZM26.417 21.6505C26.4389 21.6494 26.4604 21.6562 26.4779 21.6696C26.4924 21.682 26.5002 21.7007 26.4989 21.72C26.4996 21.7361 26.4937 21.7518 26.4825 21.7632C26.469 21.7758 26.4517 21.7834 26.4334 21.7847L26.5013 21.8639H26.4475L26.3843 21.7847H26.3633V21.8639H26.3188V21.6529L26.417 21.6505ZM26.3656 21.6912V21.7488H26.417C26.4262 21.7516 26.436 21.7516 26.4451 21.7488C26.4485 21.742 26.4485 21.734 26.4451 21.7272C26.4485 21.7204 26.4485 21.7124 26.4451 21.7056C26.436 21.7028 26.4262 21.7028 26.417 21.7056L26.3656 21.6912ZM23.7926 20.7176C23.8143 20.3413 24.1254 20.0517 24.4928 20.0658C24.8603 20.08 25.1493 20.3926 25.1434 20.7696C25.1374 21.1465 24.8387 21.4495 24.471 21.4514C24.2837 21.4538 24.104 21.376 23.9752 21.2366C23.8464 21.0973 23.7802 20.9091 23.7926 20.7176ZM7.3656 20.7176V19.5713H6.87908V19.8495C6.71146 19.6284 6.45033 19.5034 6.17737 19.5138C5.53146 19.5138 5.00785 20.0506 5.00785 20.7128C5.00785 21.375 5.53146 21.9118 6.17737 21.9118C6.45033 21.9222 6.71146 21.7972 6.87908 21.5761V21.8543H7.3656V20.7176ZM5.55518 20.7176C5.57682 20.3413 5.8879 20.0517 6.25535 20.0658C6.6228 20.08 6.91183 20.3926 6.90589 20.7696C6.89994 21.1465 6.60121 21.4495 6.2335 21.4514C6.04547 21.4552 5.8645 21.3779 5.73466 21.2384C5.60482 21.0989 5.53802 20.91 5.5505 20.7176H5.55518Z" fill="#231F20"></path><path d="M16.7708 3.67456H9.63135V15.8675H16.7708V3.67456Z" fill="#FF5F00"></path><path d="M10.0847 9.7721C10.082 7.39243 11.2312 5.14382 13.2011 3.67457C9.85569 1.17612 5.05159 1.54004 2.16497 4.51057C-0.721656 7.48111 -0.721656 12.0609 2.16497 15.0315C5.05159 18.002 9.85569 18.3659 13.2011 15.8675C11.2319 14.3987 10.0827 12.151 10.0847 9.7721Z" fill="#EB001B"></path><path d="M26.4033 9.77209C26.4033 12.7408 24.6195 15.4489 21.8096 16.7462C18.9997 18.0435 15.6569 17.7023 13.2011 15.8675C15.1694 14.3974 16.3187 12.1501 16.3187 9.77101C16.3187 7.39196 15.1694 5.14459 13.2011 3.67455C15.6569 1.83971 18.9997 1.49849 21.8096 2.7958C24.6195 4.09312 26.4033 6.80121 26.4033 9.76993V9.77209Z" fill="#F79E1B"></path></svg><svg id="svg-minus" viewBox="0 0 24 24"><path d="M10.462 10.462H2v3.076h20v-3.076h-8.462z"></path></svg><svg id="svg-more" viewBox="0 0 24 24"><path d="M4 10a2 2 0 110 4 2 2 0 010-4zm8 0a2 2 0 110 4 2 2 0 010-4zm8 0a2 2 0 110 4 2 2 0 010-4z"></path></svg><svg id="svg-no_internet" viewBox="0 0 24 24"><path d="M12.784 16.707a1.488 1.488 0 110 2.977 1.488 1.488 0 010-2.977zM7.916 15.06c2.614-2.466 7.084-2.501 9.536-.018.05.053.06.13.03.192l-.03.044-1.138 1.304a.171.171 0 01-.234.023c-2.289-1.729-4.568-1.711-6.857 0a.175.175 0 01-.196.009l-.04-.035-1.088-1.272a.175.175 0 01.017-.247zm-2.832-3.246c2.655-2.381 6.362-3.367 9.909-2.681.09.015.152.098.143.188-.008.092-.008.184-.008.277a4.172 4.172 0 00.29 1.544.171.171 0 01-.205.221c-3.056-.824-6.212-.05-8.756 2.02a.174.174 0 01-.238-.017l-.594-.662c-.189-.213-.373-.432-.557-.648a.174.174 0 01.016-.242zm15.82-5.016a.16.16 0 01.08.021l.032.025.801.802a.157.157 0 01.026.19l-.026.033-1.53 1.532a.158.158 0 00-.026.192l.026.033 1.53 1.53a.158.158 0 01.026.192l-.026.033-.801.801a.157.157 0 01-.19.026l-.033-.026-1.532-1.532a.16.16 0 00-.183-.029l-.042.03-1.53 1.531a.158.158 0 01-.192.026l-.033-.026-.801-.801a.158.158 0 01-.026-.192l.026-.033 1.532-1.529a.16.16 0 00.029-.183l-.03-.042-1.53-1.533a.157.157 0 01-.025-.19l.025-.033.802-.802a.158.158 0 01.191-.025l.033.025 1.53 1.53a.158.158 0 00.19.026l.034-.025 1.532-1.53c.03-.03.07-.047.111-.047zm-18.7 1.806C6.32 5.04 12.107 3.584 17.67 5.408a.175.175 0 01.012.333 4.203 4.203 0 00-1.686 1.305.177.177 0 01-.18.064c-4.093-1.025-8.178.024-12.287 3.043a.175.175 0 01-.194.008l-.04-.034L2.187 8.85a.172.172 0 01.016-.245z"></path></svg><svg id="svg-paypal" viewBox="0 0 50 24" fill="none" xmlns="http://www.w3.org/2000/svg"><path d="M18.6335 8.63709H15.8758C15.6872 8.63697 15.5266 8.77416 15.4972 8.96047L14.3818 16.0318C14.3715 16.0983 14.3907 16.1659 14.4344 16.2169C14.4782 16.2679 14.5421 16.2973 14.6093 16.2972H15.9258C16.1145 16.2973 16.2752 16.1598 16.3044 15.9734L16.6052 14.0661C16.6344 13.8798 16.7949 13.7424 16.9835 13.7423H17.8564C19.673 13.7423 20.7214 12.8633 20.9952 11.1214C21.1185 10.3593 21.0004 9.76047 20.6435 9.34112C20.2516 8.88063 19.5564 8.63709 18.6335 8.63709ZM18.9516 11.2197C18.8008 12.2093 18.0447 12.2093 17.3137 12.2093H16.8976L17.1895 10.3613C17.2072 10.2496 17.3034 10.1673 17.4165 10.1673H17.6072C18.1052 10.1673 18.575 10.1673 18.8177 10.4512C18.9625 10.6206 19.0068 10.8722 18.9516 11.2197ZM26.8766 11.1879H25.556C25.443 11.1879 25.3467 11.2701 25.329 11.3818L25.2706 11.7512L25.1782 11.6173C24.8923 11.2024 24.2548 11.0637 23.6185 11.0637C22.1593 11.0637 20.9129 12.1689 20.6702 13.7193C20.5439 14.4927 20.7234 15.2322 21.1621 15.748C21.5645 16.2222 22.1403 16.4197 22.8254 16.4197C24.0012 16.4197 24.6532 15.6637 24.6532 15.6637L24.5943 16.0306C24.5837 16.097 24.6027 16.1647 24.6463 16.2159C24.6899 16.2671 24.7537 16.2967 24.821 16.2968H26.0105C26.1992 16.2969 26.3599 16.1594 26.3891 15.973L27.1028 11.4532C27.1134 11.387 27.0945 11.3194 27.051 11.2683C27.0074 11.2173 26.9437 11.1879 26.8766 11.1879ZM25.0359 13.7581C24.9085 14.5125 24.3097 15.0189 23.546 15.0189C23.1625 15.0189 22.856 14.896 22.6593 14.6629C22.4641 14.4314 22.3899 14.102 22.452 13.7351C22.571 12.9871 23.1798 12.4641 23.9318 12.4641C24.3068 12.4641 24.6117 12.5887 24.8125 12.8238C25.0137 13.0613 25.0935 13.3927 25.0359 13.7581ZM33.9097 11.1879H32.5827C32.4556 11.1881 32.3368 11.251 32.2653 11.356L30.4351 14.052L29.6593 11.4613C29.6104 11.299 29.461 11.188 29.2915 11.1879H27.9875C27.9132 11.1877 27.8434 11.2234 27.8001 11.2837C27.7568 11.3441 27.7454 11.4216 27.7693 11.4919L29.231 15.7814L27.8568 17.7214C27.8071 17.7915 27.8006 17.8835 27.8401 17.9599C27.8795 18.0363 27.9584 18.0843 28.0443 18.0843H29.3698C29.4954 18.0844 29.6131 18.0229 29.6847 17.9197L34.0984 11.5488C34.1471 11.4785 34.1529 11.387 34.1132 11.3112C34.0736 11.2354 33.9952 11.1879 33.9097 11.1879Z" fill="#253B80"></path><path d="M38.3032 8.63709H35.5451C35.3567 8.63717 35.1963 8.77432 35.1669 8.96048L34.0516 16.0318C34.0411 16.0981 34.0602 16.1657 34.1037 16.2167C34.1473 16.2678 34.2111 16.2972 34.2782 16.2972H35.6935C35.8254 16.297 35.9376 16.2009 35.958 16.0706L36.2746 14.0661C36.3038 13.8798 36.4642 13.7424 36.6528 13.7423H37.5254C39.3423 13.7423 40.3903 12.8633 40.6645 11.1214C40.7883 10.3593 40.6693 9.76048 40.3125 9.34112C39.9209 8.88064 39.2262 8.63709 38.3032 8.63709ZM38.6214 11.2198C38.4709 12.2093 37.7149 12.2093 36.9834 12.2093H36.5677L36.8601 10.3613C36.8774 10.2496 36.9736 10.1672 37.0867 10.1673H37.2774C37.775 10.1673 38.2451 10.1673 38.4879 10.4512C38.6326 10.6206 38.6766 10.8722 38.6214 11.2198ZM46.5459 11.1879H45.2262C45.1131 11.1876 45.0167 11.27 44.9996 11.3818L44.9411 11.7512L44.8484 11.6173C44.5625 11.2024 43.9254 11.0637 43.2891 11.0637C41.8298 11.0637 40.5839 12.1689 40.3411 13.7193C40.2153 14.4927 40.3939 15.2323 40.8326 15.748C41.2359 16.2222 41.8109 16.4198 42.4959 16.4198C43.6718 16.4198 44.3238 15.6637 44.3238 15.6637L44.2649 16.0306C44.2543 16.0972 44.2734 16.165 44.3171 16.2162C44.3609 16.2675 44.4249 16.2969 44.4923 16.2968H45.6814C45.87 16.2967 46.0305 16.1593 46.0597 15.973L46.7738 11.4532C46.784 11.3868 46.7647 11.3192 46.7209 11.2681C46.6771 11.2171 46.6132 11.1878 46.5459 11.1879ZM44.7052 13.7581C44.5786 14.5125 43.979 15.0189 43.2153 15.0189C42.8326 15.0189 42.5254 14.896 42.3286 14.6629C42.1334 14.4314 42.0601 14.102 42.1214 13.7351C42.2411 12.9871 42.8492 12.4641 43.6012 12.4641C43.9762 12.4641 44.281 12.5887 44.4818 12.8238C44.6838 13.0613 44.7637 13.3927 44.7052 13.7581ZM48.1028 8.83104L46.9709 16.0318C46.9604 16.0981 46.9795 16.1657 47.0231 16.2167C47.0667 16.2678 47.1304 16.2972 47.1976 16.2972H48.3355C48.5246 16.2972 48.6851 16.1601 48.7141 15.9734L49.8302 8.90241C49.8407 8.83608 49.8217 8.76848 49.7781 8.71739C49.7345 8.66629 49.6708 8.63681 49.6036 8.63669H48.3294C48.2164 8.63709 48.1204 8.71943 48.1028 8.83104Z" fill="#179BD7"></path><path d="M2.92981 17.6714L3.1407 16.3318L2.67094 16.321H0.427795L1.98667 6.43668C1.99626 6.37426 2.05013 6.32828 2.11328 6.32862H5.89554C7.15118 6.32862 8.01772 6.58991 8.47013 7.10563C8.68223 7.34757 8.81731 7.60039 8.88263 7.87862C8.95118 8.17055 8.95239 8.51934 8.88546 8.94475L8.88062 8.97579V9.24837L9.09271 9.36854C9.25463 9.45057 9.40017 9.56154 9.52215 9.69596C9.7036 9.90281 9.82094 10.1657 9.87054 10.4774C9.92175 10.798 9.90481 11.1794 9.82094 11.6113C9.72417 12.1081 9.56771 12.5407 9.35642 12.8947C9.17 13.2119 8.91934 13.4866 8.62054 13.7012C8.33989 13.9004 8.00642 14.0516 7.62941 14.1484C7.26409 14.2435 6.84755 14.2915 6.3907 14.2915H6.09634C5.88586 14.2915 5.68142 14.3673 5.52094 14.5032C5.36068 14.6405 5.25437 14.8303 5.22094 15.0387L5.19876 15.1593L4.82618 17.5201L4.80925 17.6068C4.80481 17.6343 4.79715 17.648 4.78586 17.6572C4.77492 17.6662 4.76128 17.6712 4.74715 17.6714H2.92981Z" fill="#253B80"></path><path d="M9.29355 9.00723C9.28226 9.07941 9.26935 9.1532 9.25484 9.22901C8.75605 11.7899 7.0496 12.6746 4.87016 12.6746H3.76048C3.49395 12.6746 3.26935 12.8681 3.22782 13.131L2.65968 16.7342L2.49879 17.7556C2.48582 17.8376 2.50939 17.9212 2.56329 17.9843C2.61719 18.0474 2.69602 18.0838 2.77903 18.0838H4.74718C4.98024 18.0838 5.17822 17.9145 5.21492 17.6847L5.23427 17.5847L5.60484 15.233L5.62863 15.104C5.66492 14.8734 5.86331 14.704 6.09637 14.704H6.39072C8.29758 14.704 9.79032 13.9298 10.2266 11.6895C10.4089 10.7536 10.3145 9.97215 9.83226 9.42256C9.67941 9.25254 9.49685 9.1118 9.29355 9.00723Z" fill="#179BD7"></path><path d="M8.7718 8.79917C8.61253 8.7531 8.45052 8.71714 8.28672 8.69151C7.96305 8.64177 7.63594 8.6179 7.30849 8.62014H4.34397C4.11086 8.62 3.91244 8.78979 3.87663 9.02014L3.24599 13.0145L3.22784 13.131C3.26844 12.8683 3.49464 12.6744 3.76051 12.6746H4.87018C7.04962 12.6746 8.75607 11.7895 9.25486 9.22901C9.26978 9.1532 9.28228 9.07941 9.29357 9.00724C9.16195 8.93821 9.02478 8.88035 8.88349 8.83425C8.84645 8.82196 8.80921 8.81027 8.7718 8.79917Z" fill="#222D65"></path><path d="M3.87664 9.02015C3.91214 8.78969 4.11081 8.61983 4.34398 8.62055H7.3085C7.6597 8.62055 7.98753 8.64353 8.28672 8.69192C8.48918 8.72374 8.68885 8.77133 8.8839 8.83426C9.03108 8.88305 9.16777 8.94071 9.29398 9.00724C9.44237 8.06087 9.29277 7.41652 8.78108 6.83305C8.21696 6.19071 7.19882 5.91571 5.896 5.91571H2.11374C1.84761 5.91571 1.62059 6.10926 1.57946 6.37257L0.00405922 16.3585C-0.010791 16.4523 0.0161518 16.5479 0.0778001 16.6202C0.139448 16.6924 0.22963 16.7341 0.324624 16.7343H2.6597L3.24599 13.0145L3.87664 9.02015Z" fill="#253B80"></path></svg><svg id="svg-pdf" viewBox="0 0 559 626"><path fill-rule="evenodd" d="M78 239h403v-65H376c-19.33 0-35-15.67-35-35V29H85a7 7 0 00-7 7v203zm0 255v98a7 7 0 007 7h389a7 7 0 007-7v-98H78zm432-255h14c19.33 0 35 15.67 35 35v185c0 19.33-15.67 35-35 35h-14v97c0 19.33-15.67 35-35 35H84c-19.33 0-35-15.67-35-35v-97H35c-19.33 0-35-15.67-35-35V274c0-19.33 15.67-35 35-35h14V35C49 15.67 64.67 0 84 0h259.1a35 35 0 0125.421 10.942l131.9 139.376A35 35 0 01510 174.375V239zM71 448h37v-55.25h22.5c34.5 0 63.75-17 63.75-55.25 0-39.5-28.25-52.5-63.75-52.5H71v163zm37-84.5v-49.25h20.25c19.5 0 30 6.25 30 23.25s-9.75 26-30 26H108zM221.95 448h48.25c47.75 0 79.75-26.25 79.75-82.25s-32-80.75-82-80.75h-46v163zm37-29.75v-103.5h7c27.5 0 46.25 12 46.25 51s-18.75 52.5-46.25 52.5h-7zM380.15 448h37v-63.25h56.25v-31h-56.25V316h66v-31h-103v163z"></path></svg><svg id="svg-plus" viewBox="0 0 24 24"><path d="M10.462 10.462H2v3.076h8.462V22h3.076v-8.462H22v-3.076h-8.462V2h-3.076z"></path></svg><svg id="svg-powered_by_google" xmlns:xlink="http://www.w3.org/1999/xlink" viewBox="0 0 288 36"><image width="288" height="36" xlink:href="data:image/png;base64,iVBORw0KGgoAAAANSUhEUgAAASAAAAAkCAYAAAApZeciAAAABGdBTUEAALGPC/xhBQAAACBjSFJNAAB6JgAAgIQAAPoAAACA6AAAdTAAAOpgAAA6mAAAF3CculE8AAAABmJLR0QA/wD/AP+gvaeTAAAYd0lEQVR42u2deZxcVZn3v89zb1V3ujoQknQIUZAtiJAYtg6rQBICaJgPE3QYRx1QFETegeEzgzOvoIIiOojr6wjviCC86EdZRVBHIAuEZYCEJbKFsAYIkHQSEnpJ0lX3PO8f596+t6qruro7HSJSv3xO+tatc5+zP+fZzi2hgQb+CjH7MlcoFXsOF2M/jPcb1iIimzFed8iT+WLxXmDdtq7nex1y7IXrt3UdGmhgxBA15Q+1yJ3rcCeqalOtfM65SFX+ZI4fAAu2db3fqwiLYbCt69BAA1sMEX2f4f5TzP0tCooOmF9VA2COKHPM7PeCngms3Nbt+EvB23v84987s18ln0Xki8BVI11O+Paep27rtjbQwBZhzPPXHhOJXa/I2OE8LyIngD2uzs0F7tvW7fmLgKioWJ904hDZGsWEJrrlVBpoYBthzPPXzjWi6xXJZe87x1pVfoXJPNHSsxKEXcWo2BIS7umczTDsMyo6KfPI+Ej1CBoM6B1FuK0r0MDI4tFP3jQN+FT8cQFwxxBJ/AuwY3x9AVDa1m2qhWMufvuIkka/UdE+5uOc26yiF7eWCj8EerL5m/2f54E/jYKvrc11neXELlG0xYyvA/+xrdv0XkODATXwrsRRF741pqT8RtF8cs/BagmDjxk80h30DPh8N/SC/igouvkW2EwRfryt2/ReRIMBNfCuRJDLfRN4X98NR2dgdgyRPTFEUk9IxFCfaWCE0GBADbzrcMyl3ZNcb3QmGfulBJwN0mAk7zI0GFAD7zpEJTtNNLX7YO6R+eeP/n/bul5/TTjo+nemnAYDauBdB8PNlbI4H/3PmZd02ztdj6vumtNcCDfOMmw6xkQRc2byMmb3TjhyyYOAGxLBo2kuFYNZiE5H3ERMnYm9jHBvblFpyPQO3c6Natm08Tgz127CWIW3ROSB9eMKdwDFpvVrRud6kkDA3hLQlTzb/aGh9cVtV64Yl3P2MVH5MFgrJm85WNzbE/wJ2FjrufDWH71W9YtdHnxQgTZgVFyxtcBQB7kZGBPT6AE6hjwoWx9h3M5mYHNcx+Iw6CgwGoiA7gH6Klvepri8oXqaFJiA79eNwGq2fr82x/UOgPVxescx+zJXKPZ27Ze9Jxrd/k7WYd5jh+ZXr2v5V9TOAx0rAPF/IoAIqxYd+JxKcEHbgodvot66uYF8cYfwXy2S81SJY5kUBAQBg9JHgudEgguCmb116Z18owXrnu365+ZNPRcAY0WEJIjHDEav7npR1T6LNf2EvE4DwOXuAY4eal/cec0r27miXWKOM0QldggIiJ+kzS1RB3B+24LFV1Wrd7jzgw8i8MX4863ABmAW0I6f4AneBh4C7qH+At0rbsxuvif7sAn4M7CQ/udwpgKHxddLgQdr0G4HDoivXwTuqpFvCnB4fL0EeKTi+zHAbGAakI0hiYBngPnA61XoHgQcmOmvt4CZwMFAS3z/SeC6iufGxuVNrSivBDwNzANW1enXZmAGMD1TFngmtDiu80hKAg6YCBwPfJDysXwTP45LK8p8H3BCfL0OuLFOGdn+fBq4d6DMUW/3Hopm6uFWmMnaeg0JXbizo/SBoTR+hw+O/h/8fOjDj3560PiOoOV2ETkErR2bp6qTwW5YNbP96h2jli9Sa5O56J7xpSh3u8AhA0f66WQzu6E0P7g6DKKa9I6+e1WrhN23qMrsWhF+qrI72J1OtHdLogDn/fylXXoj5qnq5JrhhEIbcGXHrIMObJu/5Cwq5meigu0e/50AnAqMq0JqO9IFexXVd8AAOAk/qaqhGb949gduwDOjBG9k6tFMbQZ0KKn3Yyd8rEtUJd/+GXp/qPhuL+AzQLWzQgGeee0D/K5KPXbI0B0D/ENcjyyervj8IXxsTp7+CIEPA/sCN9OfUSYYD3weqBbtOwo4Mq7z3YwMisDewKeprqpPjNu+D3A96Ri8EffL2Lif7qc6IwcvN8yI2wb9x6kayuemyZuDaoy6Twv6naF0wOrnN0zGxw0BcN1tx48KCnoH6Qbo4eg2eFrU5R3sq2hff6lw2uqgKwLOqKTf9q1HRkVdwR1oOT0H3QpPYy7vTPdVzfa/nlaKqErvU+tKQZDrvBlhdvk3bpNzulyVArBHTKdZ+0Kjho47/s/ro3tH6Z2qTC4bDscrAstRtxPovuk3cmbHrPaVwLey+bVjVnv281z8ADs8c7gNvwgfJZ1gE+LGV1ZegJMpZz4vAf8N3AIswktR4CWAT+EXZoI1+F0VYBKe4VViLFnXq194e1bJF0Bfx6yn/IzP+/FMNmE+b+CD9W6K/76a9E3cH/tSG8fhmY/Fzz0DrKCcse4K/CMp81kZ98lNwJ2ZugXA3+EljUoUgC+QMp8iXqr7bTw+S+MxGw98jJGB4hlMCHTix+9m4I94yTPBNODjmc8Oz3QSHDpAGbuTMp8VwGsMEU4QJ1AvDQdCbpyQI0nNLdE3tIz5uE0G53S7lvE9rmV6d6l1v6jETkZ5TJGInm7CiSaQTVFP7huo9tFzjk1mdk4+KI4Pg+L0MIz2y+eKO2GVMUp6OhaciAVk09rlXWcjemw6EK7XhC+39I4e11oqTGvpLeypUbQX5u4cXo9kWt7Ue5GWzVW3CvibCQsX79q2cPHstvmPTFFzBztc35g65y5Sk33UhCSFamWjU8Av2GvwCzOLecDn8HaAccBH8QsgwTRgv/i6CPwGr4pkcSdwIl6NShjWd0mNVE/id1bwu+/DFc9PqdIXU4FnK+7tSspgniQV+zQuM9lR7sYznaz9ZCFenZobf54LLKe62vk+vA3nOqqrT0FcXnKm5i76q0kLgI8Ac+I+mQtcRrlUNwcveYFn0tfgVb8ED+AZ4eeA7RkZBHH6M16N6s18dw9eavtknOfAuJ8TyW8JcGw8BvvjJZtNVco4JHM92CMQZeqWYDsN7rGhcyGJSn1noX51/1FtWO6chIxzOAI9AZg/KpcNetQ1BucCb4rRJ3Gp04vbFi6+jXjs7Y+0Fcmdk2guDpziTsCYXyqWHRBfA+5cQ94Uke9kKndxOCvqo3foD9yoZuv5ap9W6JwhepIZf+jKdWeH9TkrFuYEuc4/ZJnVUDD/iufGFMPwS0mfOlynokcCy7MCTXep5c8tYc9N+P5AVYMI+ypppD4aSZlK5oBr6c98wA/81aQLsR1vdE1G95hM3pvpz3yIn70Zv6DB2zGyO2T2mWp2+Knx3xXAK/H1vqQLPMHeNWjuS3rM4FngT/Q33hpe7Vocfx5NdcYHflH+nNq2mw+TqgxPUN1GY3jpYmn8eQe8WkPmc7JLbgJ+QTnzSfAGnjGNpA1oJX4j6a3y3Z+BrPF3ZuZ6U6b/cqQ2nixaSaXLDcBTg6lQkC+84HB9YybozoLsKAz8z0QWmvDlgZLDPZotS1TWiwqigvbmPo6mKrsoV4oxXwyqpQmHL/4uuKV9xJSpq2YdMGXVrANYNesASvnw45oxAajjStD5fo/sn3L3lb6LZeihU3vvyk3pvStH7105WjZ2n6CaUU+V61TcH1QclSnId5YCy52Z7cehoBTm54COSovSy0jXNFFJdwW7tKBdr0nMfPr6zXESpe5WSt1Q6kYpZbkjT1BbXwdvVHwomQukTGICXjICvxAeH4CG4Rd+gqmZ6zdJd7g9Kbc9jAF2ia+fjOsKnontXlFGwoC68MwqwYcz13cz8GJdXIVeJR5lYG9QtryFQygvq4ZNId2+H6xT3uuZfhkJ3EV1+1qChzL12ZlUSgOvhiXtPZT+IshBpBvHA3XKSSv0Ze1W47HsPTM90UwZKInjIZx8b6CkSMponbMg37oiyLcS5FtR6XOQ+DLhWosbWC2tuq/dmZNfZp8JTA4LTAhMwCroiV1rYtRKxSNCZ1pOT9QOEzVEDZCPZL9zcLXzf6umohZfEvSB4UwKV2HjdUS3th2xWA2ON2e3S+heBPk3VPsYonNsMPix5Nx+2jSqS5tGoU2jCLUp6+jqp8pUwzLgiPh6Z7yatHPm+2eovwu/jrcHbYdXHUK8Vd/wC+hovM1kd1LOmpVCEqlmTvx3KvBcfD0WzxDB76pZLv/+zPUX6tQzu2B2rJHnFQZGtl/+1xDKm5i5ztb5GerjWcoZ33DhSPt0oDzL8Y6FpK6JdLYOr5Lti9+cdgdeyLT14Pi6SH9Ve2CI3kJGqhKzs8d9sHAVg2Ri1bDhqQ1je0Nt11iHMdVlpd6edHc2NykbeZ0X93Q9miWRMqnOIX1jaSKTsgOeo1SfngVPZaeJZOghtkv2O+utL1Fq3p4GOaJevn5w7JT1hwrBJzrua79FYE9Uyiayg0fV5HILN/3GoNtVrICwZGWmjbeoj2yeRAVrHSINi/Nth++1Al4MB89cjo6v9yZlQImk9DqpC/91vMF6Ct4l7iiXHirVwNGZ66G8ia2lxv164QjZfhluedk6rx/Es4Pp/8Ggi8HFJ1WbDwnuI1WzDiVlQJNJDeqPUXFqvR6Kxi8CcRf2HURVpnQs7/wicPlwG6u58HSVdIxs6G8R2LYwylZ+2GR1VXHnxEbiLT8CX6+gvAkn16vY5W0LHlnMABtvOPGurMNmUIskmyeZoNEQaUC5epWVUl7DM6Pt8Sre7fiFnMRwZFWMJ/EMqIA3PL9Iqi5tJJ3wleVsotx+UQ+9Ne7XG2QX98dG4PdDKG9z5jrbt4MJ2xip6PbBjmM2X6UE8hLpJrEvfsN5m1T6gWG8f+fer7a+cfQlXZeTsS+o8H0sWMJQpSlAXWmyEy7ILmBRrinPJWVvSywKUyj39lWjPFUyU0Slz8OKYCuzEkvRhfXpBUzN8guzlB4iZR5EM9mHOjFVIjLEeOc+6itrGPWfF+P/bha9BmUtCCvLvez9EK6c1Q7z+8wPO1Jf7M6qIxsq/kK5+lC7K1P3a5FMCDh+UT+JDyIcG+fbk7TFWQb0BN7bAl7teJXULf8M/RfE+rj+TfGzm9m6WI83Qjfhjba9w6SRYEfqv0h9AiODQpy66+TLzodK6cvwDOZkPPOcjrcbJUb256gffFkVYdB7URSFHxc0VnO1GbE7xNlchhILFbi9nOkdaCq9mdnviViazSbC/Qan9N1w8jkGYBgTxu4WrF734qnZPaPkJM1vcj+S0hOxAemF66OgNCY4NRv8aJrmN+x+Qc5K2yCnMgADCsJgl1KxdLjqMEIRxf6nnAG5N80Fp0448uF5VIvI/wby6iGHNFPlSIa67rKNbhr1/ZX7Z64TCSMbFzKF8kjfatiH1APwEv0liSyT+RCp+rUK7/ZOsDpOSbl7kEoA1bxwLyddSLnxuxqa2IJArYrylIHjiYjLqlbeS5nr/evQENJQiJFAPVotpCpvRHWb2FLSDeZgvOs9mfV1JIjamPe/x25wFpzsnMtuImMitfkmdlmpVBpTKpWonVpDJ3pGZMFiVHbN0OjConOxiGzajNwMrm8BGXIayPG+y/un1ete/rqgqTfT3OMTFy5+euLCxUxcuJiQ4s3OpQvSoachHF+DHKUdcl9HM/Rwj+dnFp/OzyySn1nE9fbc5lwqCIjZaagciwqVyRVbQ1cqXRG/F3vIcEHxv13ZxqgTAVYvmu5WL5pOvzRz+pebC9ETzS3uI80tjmzS5pYyhrULtaOYwTOOpBM6SaWlLrxxGry69DFqM7ICqfEYqkf+riCdtAeQermqMZXk3mhSaahIxi1Yo6zjKLfRVOI4/BsB5zL82JpsecfHba+Fj8bl/S3lQZhPkcbQTMNHcddCO+VG6y3FMXjvYzUI/shFEmCZrWcWJbyXi7hdibt+LemcGRbu+WrhQQmCk3GuzxanqCJ6XpDPvaq54JogH34mbMq3h026V9ic2z/I5ecGueAyCTtfELH/0kxfO+ciTD4lkntBJEc2nTLj7rWG/jAtB8HxO5yd53RzwelmnG5GwmgnzP2sn13EuKBjxoHWMeNAOmYcyJpvH7hWhZSeIk70d6ZyXuCiQuAiAhcRlKKdEH6GVNATLigtCKy0IKC0IGDekZO6VNK4I1TFInebODu3sLnQUthcoLC5AFFpD8l33obosANW53x+r24RLi2vjv1WxL4wYXxXfsL4LiaM78KFwQRR+4mIXQrs4cTuMewHbQselrYFD9O24GG0bUE/lfkkvBE4a0tQvBHxM5l78yg3wt5BqvIcBnyC/gtuV+AsUnfta5RHDffNBdK4kJ1ImVk1BpSVlpIo6WVUNxCvIA2W2y6uy64VefJ4ZnB4fH0Awz/o+SIpIxwDfIk0lCBb3hy8ZFCtvM34+KEEp+AZTVZ2DvFjdtIw61kLLcCZ+A0gu6EUgL8n9USV8EGmtfAQqb0wK/1scczSwvMLtwlyLK5MMgZoFdFTQa4zs4fNgmfN8ShityB6nqqWjYPD9UgQnGTK7aZQLfWUWi4mDUNBlLyoXBa43JrA5R6XqOkZVwpWiujpFXX5Kap/RJVsCsPixVhKTyEvJpcVJbcm0uDxKAieKQa5lVBBz/gpTv+IU7IpKha+bxn1U1WbEPlhT9i5piff+Vh3vnu5aPi8oh/d0n6f8Jb7vsMt6ruhtCBc2bGusHbVmsKjq9eNekpKpTeAf8q0T0RY1zGr3TpmtdMxqx1ZPaudCfMXJ9xsBamxdxPepmL4XTXrmVkK/LrKBJpO/7D8V/G633hSuw94Cepyats09sKffUqwDh81XVmmAP9G+RmpX1M7FqmAd4lnzxStwatyTXjXeX4AWrNJgy5/Sf24m9FxedkYmY44VZZncXlLK2gonvFkjYZd+EBBiWkk8RTZMdySd0JvxBuMExvPmrjOzXgmmhXfb8RHPw+ET+AZJ/i59W1G0AZ31He7Jgab+THKyUN+2Nwj5uRUBhEM+dv7Zo/dFJVu1Yq4m9q07Yq2cbudTY0QAfv8jWMjzd2KMjh6cEW4rliT3uwX120fRflbpd7Jduc2OrRXNZbuHWWn4d+e/NlPgv26LztyOj7otg/zfv7S9sVIbxUd3Cl6g29OmL/4IjJrWAwQ+sSpX+An+SG1afAA3qNTSyqYildbBlI3VuAX2kAu4wD4GunCWkTtw4pz8IcxwQ/MN6muDiQYjd/BJw+QZxP+DFslMxgqAwIvbf0D/QMmK8u7meoSIXgp50TSmJtqWBynxBi5JQxoA36D+Cz9D9sm6I3r/Pgg6O6NPyoC3jC9VV6hcdS3ug9Ss382bK6qFAbObQ8APxk3ufVGhhBDdMNPjw47wq6zgX8HrREj5p4Sk68Mpp3jv7YkLJbCs83k31VrxJw59xQaDIreMfduDoN8978AX6G6Cv2CuegUI7hC1ceMxZLTjCRD5x71GRDAI1d0hB1hzzlxWeOpCrfUIefhtaYyyJuzDmLi/CUJA0oW1K54JvQB0vcBvYgXPwfz423NeFvS3nGlRuG9Ka/h4z6WMTjxeyqp5PAUFeeAMhhHauTtjMuoB8EzoP3xO3orfhJ24IP5HqK6B2gXUjVqGV4yGAwEL9Xtj5dYsuUti8sbTDzMB/DG3N3wUulGPEN/CD9Go0mN1a+QGsIHiwNiur14l3Zy1msa3sMZ4DeOZfjNqHOQdD8Z18vwkuxW/Vnkoy60Zsl3HqzIfuZkZ1MrgGwSY7UgyxD3AMP0wCWYf8vRuVU76JHq7GBEJjmzSOElcIvaFjz6GENVMZeQK60LjjSVg8VkEkJk2EuGLMrPKg6Z3rHfc4VSb9dxYtKOXyNrReX+5IVk26/pXkbsRDCz3wN/kzzbuecp7Zj0aSAWBL9kgJCJX1/9WNOY3jEzgemGTBKhaM5eVuWe8fOXLKlV90oJaLA7egMNDAU74NVkxdvgrt3WFfqrhpn83UXkGCDso3OsNW16u2tD5uerL8ebCt5RhLMu6YILWrecUgMN1MYRpMbnxg//bSUcdmnH6OZiy6ft291nrc1xN3BOrbzW5eZkmA8mdW14WwWh1Yv6aaCBLUMLqd3qTcpjxhoYKZhJ/lvdS1DbSwDMTTGV+/Av/itD2MuEUl6+13fDuWJYksG8DG7EoeHmd/xd3g28t5CEF4CXfhoTbmtAxMpic1RFkOsF/ktMp7teGx9EbjLYl4p5e1SQ3TLPXhPlWB3l4J1OYVQvZrmBBoaPHOl7uXsYnLesgWFi4QWFX8y4pPNIH/+UQM5A7IwgrzjS4OoUboWofWVb1TkU/Uv7kYoG/opwAGm0+YMM79dGGhgsRMxdaF/QXHeXSH2DsnMsD81OoLZ3easjlKH+IEwDDQwey4DE1rBhSwg1MDjc8w0pAf804+LOWwQ536mbUf4rIoCzl03kZ62lwo8Z4qtQRhphc7Qd+JekQ/pS+AYaGAk0mM42wsKvjV4ALDjiO+t3yDummAQ7aOR6SmH4/D3nN6/gL8QW9/8BUNyklgDQw7YAAAAldEVYdGRhdGU6Y3JlYXRlADIwMTgtMTAtMTBUMDc6MTg6MDAtMDc6MDDFX8sCAAAAJXRFWHRkYXRlOm1vZGlmeQAyMDE4LTEwLTEwVDA3OjE4OjAwLTA3OjAwtAJzvgAAAABJRU5ErkJggg=="></image></svg><svg id="svg-radio_off" viewBox="0 0 24 24"><circle cx="12" cy="12" r="9.5" fill="none" stroke="#000" stroke-opacity=".85"></circle></svg><svg id="svg-radio_on" viewBox="0 0 24 24" xmlns="http://www.w3.org/2000/svg"><path fill-="" rule="evenodd" clip="" -="" d="M12 21C16.9706 21 21 16.9706 21 12C21 7.02944 16.9706 3 12 3C7.02944 3 3 7.02944 3 12C3 16.9706 7.02944 21 12 21ZM22 12C22 17.5228 17.5228 22 12 22C6.47715 22 2 17.5228 2 12C2 6.47715 6.47715 2 12 2C17.5228 2 22 6.47715 22 12Z"></path><path d="M12 18C15.3137 18 18 15.3137 18 12C18 8.68629 15.3137 6 12 6C8.68629 6 6 8.68629 6 12C6 15.3137 8.68629 18 12 18Z"></path><path fill-rule="evenodd" clip-rule="evenodd" d="M12 17C14.7614 17 17 14.7614 17 12C17 9.23858 14.7614 7 12 7C9.23858 7 7 9.23858 7 12C7 14.7614 9.23858 17 12 17ZM18 12C18 15.3137 15.3137 18 12 18C8.68629 18 6 15.3137 6 12C6 8.68629 8.68629 6 12 6C15.3137 6 18 8.68629 18 12Z"></path></svg><svg id="svg-slot_error" viewBox="0 0 24 24"><path d="M12 2c5.523 0 10 4.477 10 10s-4.477 10-10 10S2 17.523 2 12 6.477 2 12 2zm1.5 3.5h-3V13l3.5 3.5 2-2-2.5-2.5V5.5z"></path></svg><svg id="svg-status_no" viewBox="0 0 24 24"><path d="M12 2c5.523 0 10 4.477 10 10s-4.477 10-10 10S2 17.523 2 12 6.477 2 12 2zm3.89 4.697L12 10.586l-3.89-3.89-1.413 1.415L10.586 12l-3.89 3.89 1.415 1.413L12 13.413l3.89 3.89 1.413-1.414-3.89-3.89 3.89-3.888-1.414-1.414z"></path></svg><svg id="svg-status_yes" viewBox="0 0 24 24"><circle cx="12" cy="12" r="10" fill="#FFF"></circle><path d="M12 2c5.523 0 10 4.477 10 10s-4.477 10-10 10S2 17.523 2 12 6.477 2 12 2zm5.394 4.85l-7.668 7.626-3.059-3.115-1.784 1.751 4.823 4.912 9.45-9.401-1.762-1.773z"></path></svg><svg id="svg-visa" viewBox="0 0 38 24" fill="none" xmlns="http://www.w3.org/2000/svg"><path d="M14.2132 6.20161L9.27385 17.8947H6.14897L3.7297 8.52007C3.5281 8.01606 3.42729 7.71365 3.02408 7.51204C2.31846 7.10883 1.10883 6.70562 0 6.50401L0.100803 6.20161H5.24174C5.94736 6.20161 6.45138 6.60482 6.65298 7.41124L7.96342 14.165L11.0883 6.20161H14.2132ZM26.8135 14.0642C26.8135 10.9393 22.5798 10.8385 22.5798 9.42729C22.5798 9.02408 22.983 8.52007 23.8903 8.41927C24.2935 8.31846 25.5031 8.31846 26.9143 8.92328L27.3176 6.50401C26.6119 6.20161 25.7047 6 24.4951 6C21.471 6 19.3541 7.61284 19.3541 9.83051C19.3541 11.5442 20.8662 12.4514 21.975 13.0562C23.1846 13.661 23.5878 13.9634 23.5878 14.4674C23.5878 15.2739 22.6806 15.5763 21.7734 15.5763C20.2614 15.5763 19.3541 15.1731 18.6485 14.8706L18.1445 17.3907C18.8501 17.6931 20.1606 17.9955 21.471 17.9955C24.6967 18.0963 26.8135 16.4835 26.8135 14.0642ZM34.6762 17.8947H37.4986L35.0794 6.20161H32.4585C31.8537 6.20161 31.3497 6.50401 31.1481 7.10883L26.6119 17.9955H29.8376L30.4424 16.2819H34.3737L34.6762 17.8947ZM31.2489 13.7618L32.8617 9.32649L33.7689 13.7618H31.2489ZM18.5477 6.20161L16.0276 17.8947H13.0036L15.5236 6.20161H18.5477Z" fill="url(#paint0_linear_2049_41)"></path><defs><lineargradient id="paint0_linear_2049_41" x1="0" y1="12" x2="37.4986" y2="12" gradientUnits="userSpaceOnUse"><stop stop-color="#262860"></stop><stop offset="1" stop-color="#3D439A"></stop></lineargradient></defs></svg><svg id="svg-visa_phone" viewBox="0 0 54 24" fill="none"><path fill-rule="evenodd" clip-rule="evenodd" d="M7.98416 16.9521H5.22036L3.14785 9.04536C3.04948 8.68165 2.84061 8.36011 2.53337 8.20857C1.76662 7.82772 0.921715 7.52463 0 7.37177V7.06736H4.45226C5.06674 7.06736 5.5276 7.52463 5.60441 8.0557L6.67974 13.7591L9.44219 7.06736H12.1292L7.98416 16.9521ZM13.6656 16.9518H11.0554L13.2048 7.06709H15.815L13.6656 16.9518ZM19.1917 9.80506C19.2685 9.27267 19.7294 8.96826 20.2671 8.96826C21.112 8.89183 22.0324 9.04469 22.8004 9.42422L23.2613 7.29598C22.4932 6.99157 21.6483 6.83871 20.8816 6.83871C18.3482 6.83871 16.5048 8.2079 16.5048 10.1082C16.5048 11.5538 17.8105 12.3128 18.7322 12.7701C19.7294 13.226 20.1135 13.5305 20.0366 13.9864C20.0366 14.6703 19.2685 14.9748 18.5018 14.9748C17.5801 14.9748 16.6584 14.7468 15.8148 14.3659L15.354 16.4955C16.2757 16.875 17.2728 17.0279 18.1946 17.0279C21.0352 17.103 22.8004 15.7351 22.8004 13.682C22.8004 11.0965 19.1917 10.9449 19.1917 9.80506ZM31.9355 16.9518L29.8629 7.06709H27.6368C27.176 7.06709 26.7151 7.3715 26.5615 7.82745L22.7237 16.9518H25.4107L25.947 15.5075H29.2485L29.5557 16.9518H31.9355ZM28.0213 9.72844L28.7881 13.4538H26.6387L28.0213 9.72844Z" fill="#1534CC"></path><path fill-rule="evenodd" clip-rule="evenodd" d="M50.9677 3.6129H42.9032C42.5469 3.6129 42.2581 3.90175 42.2581 4.25806V19.7419C42.2581 20.0982 42.5469 20.3871 42.9032 20.3871H50.9677C51.3241 20.3871 51.6129 20.0982 51.6129 19.7419V4.25806C51.6129 3.90175 51.3241 3.6129 50.9677 3.6129ZM42.9032 2C41.6561 2 40.6452 3.01097 40.6452 4.25806V19.7419C40.6452 20.989 41.6561 22 42.9032 22H50.9677C52.2148 22 53.2258 20.989 53.2258 19.7419V4.25806C53.2258 3.01097 52.2148 2 50.9677 2H42.9032Z" fill="#1534CC"></path><path d="M43.5484 17.344C44.4504 18.2287 45.6862 18.7742 47.0494 18.7742C48.4359 18.7742 49.6906 18.2098 50.5963 17.2983L49.6839 16.3859C49.0117 17.0639 48.0796 17.4839 47.0494 17.4839C46.0425 17.4839 45.1293 17.0827 44.4608 16.4315L43.5484 17.344Z" fill="#1534CC"></path><path d="M48.0645 5.87097C48.0645 6.40544 47.6312 6.83871 47.0968 6.83871C46.5623 6.83871 46.129 6.40544 46.129 5.87097C46.129 5.3365 46.5623 4.90323 47.0968 4.90323C47.6312 4.90323 48.0645 5.3365 48.0645 5.87097Z" fill="#1534CC"></path></svg><svg id="svg-tick" viewBox="0 0 22 18"><path d="M 19.25,0.33 C 19.25,0.33 7.55,11.97 7.55,11.97 7.55,11.97 2.89,7.21 2.89,7.21 2.89,7.21 0.17,9.89 0.17,9.89 0.17,9.89 7.52,17.38 7.52,17.38 7.52,17.38 21.94,3.04 21.94,3.04 21.94,3.04 19.25,0.33 19.25,0.33 Z"></path></svg><svg id="svg-preview" viewBox="0 0 16 12" xmlns="http://www.w3.org/2000/svg"><path fill-rule="evenodd" clip-rule="evenodd" d="M.5 6c0-.388 3-6 7.5-6s7.5 5.625 7.5 6-3 6-7.5 6S.5 6.388.5 6ZM8 9a3 3 0 1 0 0-6 3 3 0 0 0 0 6Z"></path></svg><svg id="svg-play" viewBox="0 0 24 24" xmlns="http://www.w3.org/2000/svg"><path d="M6.95238 20C7.26984 20 7.53968 19.8488 7.85714 19.6314L17.1111 13.2617C17.7698 12.7986 18 12.4962 18 11.9953C18 11.4944 17.7698 11.192 17.1111 10.7383L7.85714 4.35913C7.53968 4.14176 7.26984 4 6.95238 4C6.36508 4 6 4.52924 6 5.35145V18.6391C6 19.4613 6.36508 20 6.95238 20Z"></path></svg><svg id="svg-pause" viewBox="0 0 24 24" xmlns="http://www.w3.org/2000/svg"><rect x="7" y="4" width="3" height="16"></rect><rect x="14" y="4" width="3" height="16"></rect></svg></defs></svg><div id="app"><iframe title="sso-iframe" data-test="sso-iframe" src="./ica_market_4_files/login.html" style="display: none;"></iframe><div data-osp-retailer="Privat" class="root__Root-sc-kas3ec-0 djDVXj"><a href="https://handlaprivatkund.ica.se/stores/1015001/categories/Glass-Godis-Snacks/Choklad/abfad4ad-011b-49cf-af79-9c3d120ab0a3?source=navigation#main" class="link__Link-sc-14ymsi2-0 jCzwcE base-button__BaseButton-sc-1gkygj5-0 jIBNrj deprecated-button__Styled-sc-8yap2o-0 skip-link__SkipLinkBase-sc-69ltxe-0 jSZuai vcKds"><span class="button__Content-sc-1ww3hqq-4 jZuqQi"><span class="button__ChildContent-sc-1ww3hqq-7 eieJau">GÃ¥ till innehÃ¥ll</span></span></a><a href="https://handlaprivatkund.ica.se/stores/1015001/categories/Glass-Godis-Snacks/Choklad/abfad4ad-011b-49cf-af79-9c3d120ab0a3?source=navigation#search" class="link__Link-sc-14ymsi2-0 jCzwcE base-button__BaseButton-sc-1gkygj5-0 jIBNrj deprecated-button__Styled-sc-8yap2o-0 skip-link__SkipLinkBase-sc-69ltxe-0 jSZuai vcKds"><span class="button__Content-sc-1ww3hqq-4 jZuqQi"><span class="button__ChildContent-sc-1ww3hqq-7 eieJau">GÃ¥ till sÃ¶kning</span></span></a><a href="https://handlaprivatkund.ica.se/stores/1015001/categories/Glass-Godis-Snacks/Choklad/abfad4ad-011b-49cf-af79-9c3d120ab0a3?source=navigation#footer" class="link__Link-sc-14ymsi2-0 jCzwcE base-button__BaseButton-sc-1gkygj5-0 jIBNrj deprecated-button__Styled-sc-8yap2o-0 skip-link__SkipLinkBase-sc-69ltxe-0 jSZuai vcKds"><span class="button__Content-sc-1ww3hqq-4 jZuqQi"><span class="button__ChildContent-sc-1ww3hqq-7 eieJau">GÃ¥ till sidfot</span></span></a><div class="site--content"><aside aria-label="InnehÃ¥llsblock i sidhuvud" data-test="global-block" id="global-block"><div style="display:flex;background-color:#fdf5be"> <div style="background-color:#fdc411;display:flex;align-items:center"> <img src="./ica_market_4_files/Warning.webp"> </div> <p style="margin:15px 20px 15px 20px;line-height:22px;font-family:&#39;ica text ny&#39;">PÃ¥ grund av rÃ¥dande vÃ¤derlÃ¤ge riskerar din leverans bli fÃ¶rsenad. Tack fÃ¶r ditt tÃ¥lamod!</p></div></aside><nav id="top-tabs" data-test="top-tabs" aria-label="Ãvre flikar" class="top-tabs__TopTabsContainer-sc-6jpedb-2 cxgXiS"><div class="top-tabs__Header-sc-6jpedb-0 bTFtSr"><div class="top-tabs__StyledList-sc-6jpedb-1 jTndWr"><div class="top-tabs__TabContainer-sc-6jpedb-7 jmOdug"><a href="https://handlaprivatkund.ica.se/stores/1015001/?source=toptabs" aria-current="page" class="link__Link-sc-14ymsi2-0 jCzwcE tabs__StyledTab-sc-102y9zj-1 csHZRb"><img src="./ica_market_4_files/71d953013a.jpeg" alt="" class="top-tabs__ImageIcon-sc-6jpedb-10 iydcgz"><span class="text__Text-sc-6l1yjp-0 tabs__TabText-sc-102y9zj-2 fssxWi jNltQo">MAXI ICA Stormarknad Bromma</span></a></div><div class="top-tabs__TabContainer-sc-6jpedb-7 jmOdug"><a href="https://handlaprivatkund.ica.se/stores/1015001/content/kundservice?source=toptabs" class="link__Link-sc-14ymsi2-0 jCzwcE tabs__StyledTab-sc-102y9zj-1 gSUPeF"><img src="./ica_market_4_files/16b742af40.jpeg" alt="" class="top-tabs__ImageIcon-sc-6jpedb-10 iydcgz"><span class="text__Text-sc-6l1yjp-0 tabs__TabText-sc-102y9zj-2 iWlLMY jkwAgR">Kundservice</span></a></div><div class="top-tabs__TabContainer-sc-6jpedb-7 jmOdug"><a href="https://handlaprivatkund.ica.se/stores/1015001/content/butiksinfo?source=toptabs" class="link__Link-sc-14ymsi2-0 jCzwcE tabs__StyledTab-sc-102y9zj-1 gSUPeF"><img src="./ica_market_4_files/ad54d7e5e4.jpeg" alt="" class="top-tabs__ImageIcon-sc-6jpedb-10 iydcgz"><span class="text__Text-sc-6l1yjp-0 tabs__TabText-sc-102y9zj-2 iWlLMY cHemGw">Butiksinfo</span></a></div><div class="top-tabs__TabContainer-sc-6jpedb-7 jmOdug"><a href="https://www.ica.se/" target="_blank" class="link__Link-sc-14ymsi2-0 dSyqLR tabs__StyledTab-sc-102y9zj-1 gSUPeF" rel="noopener noreferrer"><img src="./ica_market_4_files/9f800a56f2.jpeg" alt="" class="top-tabs__ImageIcon-sc-6jpedb-10 iydcgz"><span class="text__Text-sc-6l1yjp-0 tabs__TabText-sc-102y9zj-2 iWlLMY ckoFrI">Startsida ICA.se</span><span class="_vc_1mycs_1">(Ã¶ppnas i ett nytt fÃ¶nster)</span></a></div><div class="top-tabs__TabContainer-sc-6jpedb-7 jmOdug"><a href="https://handlaforetag.ica.se/stores/1015001" class="link__Link-sc-14ymsi2-0 dSyqLR tabs__StyledTab-sc-102y9zj-1 gSUPeF"><img src="./ica_market_4_files/54b1cfea5f.jpeg" alt="" class="top-tabs__ImageIcon-sc-6jpedb-10 iydcgz"><span class="text__Text-sc-6l1yjp-0 tabs__TabText-sc-102y9zj-2 iWlLMY cXiOcs">Handla som fÃ¶retag</span></a></div><div class="top-tabs__TabContainer-sc-6jpedb-7 jmOdug"><a href="https://handla.ica.se/?chooseStore=true" class="link__Link-sc-14ymsi2-0 dSyqLR tabs__StyledTab-sc-102y9zj-1 gSUPeF"><img src="./ica_market_4_files/bcea272766.jpeg" alt="" class="top-tabs__ImageIcon-sc-6jpedb-10 iydcgz"><span class="text__Text-sc-6l1yjp-0 tabs__TabText-sc-102y9zj-2 iWlLMY kgEXty">Byt butik</span></a></div><div class="top-tabs__TabContainer-sc-6jpedb-7 jmOdug"><a href="https://handlaprivatkund.ica.se/stores/1015001/content/stammis?source=toptabs" class="link__Link-sc-14ymsi2-0 jCzwcE tabs__StyledTab-sc-102y9zj-1 gSUPeF"><img src="./ica_market_4_files/72c9853296.jpeg" alt="" class="top-tabs__ImageIcon-sc-6jpedb-10 iydcgz"><span class="text__Text-sc-6l1yjp-0 tabs__TabText-sc-102y9zj-2 iWlLMY fSPhNL">Stammis pÃ¥ ICA</span></a></div></div><div data-test="top-tabs-dropdown-button" class="top-tabs__DropdownButtonContainer-sc-6jpedb-4 kFONmg"><div class="spacing__Spacing-sc-ngu0v9-0 fnDIsz"><div id="top-tabs-dropdown-button" class="deprecated-button__Styled-sc-8yap2o-0 toptabs__DropdownButton-sc-147ozkc-0 jSZuai iEWZKr"></div></div><div class="dropdown__Dropdown-sc-ah7mxi-1 top-tabs__StyledDropdown-sc-6jpedb-3 dGEsLi iZKLak"><div class="top-tabs__DropdownContent-sc-6jpedb-8 bWJelu"><ul id="top-tabs-menu" class="navigation-list__NavigationList-sc-kikc7-0 bttXYu"></ul></div></div></div></div></nav><header id="main-header" class="header__Header-sc-rs4lbb-0 evdQtW"><div class="header__Row-sc-rs4lbb-1 header__Navbar-sc-rs4lbb-6 MGLbY dJcZfs"><div class="header__Logo-sc-rs4lbb-10 jkBPAi"><a href="https://handlaprivatkund.ica.se/stores/1015001/" class="link__Link-sc-14ymsi2-0 dSyqLR"><span class="text__Text-sc-6l1yjp-0 cYotRp">Hemsida</span><span title="Hemsida" aria-hidden="true" data-test="icon__logo" class="logo-icon__LogoIcon-sc-a2sekr-0 logo-icon-sc-a2sekr-1 deQNA-d"><svg viewBox="0 7.77 32 16.449"><path fill="#e13205" d="M0 8.208h3.986v15.726H0V8.208m23.042-.438L32 23.934h-4.534l-.986-1.752h-4.512l1.577-2.848h1.358l-1.862-3.373-1.949 3.504a13.904 13.904 0 01-.92 1.446 8.172 8.172 0 01-6.571 3.308c-4.49 0-8.148-3.658-8.148-8.148s3.658-8.148 8.148-8.148c1.533 0 2.913.416 4.118 1.117l-1.927 3.482a4.265 4.265 0 00-2.19-.613c-2.3 0-4.161 1.862-4.161 4.162s1.862 4.162 4.161 4.162c1.249 0 2.278-.526 3.023-1.292.328-.329.701-.876.81-1.073l5.607-10.097"></path></svg></span></a></div><div class="header__LogoSmall-sc-rs4lbb-9 bKlJeh"><a href="https://handlaprivatkund.ica.se/stores/1015001/" class="link__Link-sc-14ymsi2-0 dSyqLR"><span class="text__Text-sc-6l1yjp-0 cYotRp">Hemsida</span><span title="Hemsida" aria-hidden="true" data-test="icon__small" class="logo-icon__LogoIcon-sc-a2sekr-0 logo-icon-sc-a2sekr-1 lmENUW"><svg viewBox="0 7.77 32 16.449"><path fill="#e13205" d="M0 8.208h3.986v15.726H0V8.208m23.042-.438L32 23.934h-4.534l-.986-1.752h-4.512l1.577-2.848h1.358l-1.862-3.373-1.949 3.504a13.904 13.904 0 01-.92 1.446 8.172 8.172 0 01-6.571 3.308c-4.49 0-8.148-3.658-8.148-8.148s3.658-8.148 8.148-8.148c1.533 0 2.913.416 4.118 1.117l-1.927 3.482a4.265 4.265 0 00-2.19-.613c-2.3 0-4.161 1.862-4.161 4.162s1.862 4.162 4.161 4.162c1.249 0 2.278-.526 3.023-1.292.328-.329.701-.876.81-1.073l5.607-10.097"></path></svg></span></a></div><div style="min-width:0" class="header__Item-sc-rs4lbb-7 header__SearchV2-sc-rs4lbb-12 aNHwa japaXV"><form role="search" data-test="search-form" method="get" action="https://handlaprivatkund.ica.se/stores/1015001/search" autocomplete="off"><div class="input-group__StyledInputGroup-sc-zr7gsj-0 fdwXTV"><input type="text" style="min-width:0" id="search" name="q" placeholder="SÃ¶k produkt" maxlength="50" value="" class="input__Input-sc-rt44gw-0 hbykch"><button type="submit" aria-label="SÃ¶k produkt" class="base-button__BaseButton-sc-1gkygj5-0 kysfdA deprecated-button__Styled-sc-8yap2o-0 jSZuai"><span class="button__Content-sc-1ww3hqq-4 jZuqQi"><span class="icon__StyledIcon-sc-1055srg-0 kyiaJz icon__StyledWrappedIcon-sc-1055srg-1 button__ButtonIcon-sc-1ww3hqq-5 kaFbmS cBPlbn" data-test="icon__search"><svg><use href="#svg-search"></use></svg></span><span class="button__ChildContent-sc-1ww3hqq-7 eieJau"></span></span></button></div><label for="search" class="label__Label-sc-1wfo0cd-0 bgMxZj">SÃ¶k produkt</label></form></div><div class="header__VisibleItem-sc-rs4lbb-8 cDEffg"><div class="dropdown__ItemContainer-sc-ah7mxi-0 kMQQYV"><button type="button" data-test="login-dropdown-button" data-synthetics="login-dropdown-button" id="login-menu-button" aria-controls="login-menu" aria-expanded="false" aria-haspopup="true" class="base-button__BaseButton-sc-1gkygj5-0 bLIktG"><span class="dropdown-button__Content-sc-vqdl7b-0 iuInXR"><span class="dropdown-button__ContentText-sc-vqdl7b-1 bEcEvg"><span>Logga in</span></span><span class="icon__StyledIcon-sc-1055srg-0 kyiaJz icon__StyledWrappedIcon-sc-1055srg-1 dropdown-button__ChevronIcon-sc-vqdl7b-3 kaFbmS eVhvzv" data-test="icon__arrow_down"><svg><use href="#svg-arrow_down"></use></svg></span></span></button><div class="dropdown__Dropdown-sc-ah7mxi-1 bAfKUQ"><div class="dropdown__Content-sc-ah7mxi-2 hSthjS"><ul id="login-menu" aria-labelledby="login-menu-button" class="list__StyledList-sc-bv01u5-1 dSfiQt"><li class="list__ListItem-sc-bv01u5-0 dIXmyB"><a href="https://handlaprivatkund.ica.se/stores/1015001/login?destination=%2Fcategories%2FGlass-Godis-Snacks%2FChoklad%2Fabfad4ad-011b-49cf-af79-9c3d120ab0a3%3Fsource%3Dnavigation" data-synthetics="login-button" data-test="login-button" class="link__Link-sc-14ymsi2-0 dSyqLR"><div class="spacing__Spacing-sc-ngu0v9-0 kgWaxz"><span class="icon__StyledIcon-sc-1055srg-0 jkAbqi icon__StyledWrappedIcon-sc-1055srg-1 kaFbmS" data-test="icon__account"><svg><use href="#svg-account"></use></svg></span></div><span>Logga in</span></a></li><li class="list__ListItem-sc-bv01u5-0 dIXmyB"><a href="https://handlaprivatkund.ica.se/stores/1015001/register" data-test="register-button" class="link__Link-sc-14ymsi2-0 dSyqLR"><div class="spacing__Spacing-sc-ngu0v9-0 kgWaxz"><span class="icon__StyledIcon-sc-1055srg-0 jkAbqi icon__StyledWrappedIcon-sc-1055srg-1 kaFbmS" data-test="icon__account_new"><svg><use href="#svg-account_new"></use></svg></span></div><span>Bli stammis</span></a></li></ul></div></div></div></div><div data-test="delivery-header-button" class="header__Item-sc-rs4lbb-7 aNHwa"><a href="https://handlaprivatkund.ica.se/stores/1015001/delivery?in-checkout-walk=false" data-test="delivery-book-delivery-button" class="link__Link-sc-14ymsi2-0 dSyqLR base-button__BaseButton-sc-1gkygj5-0 gOsQWj deprecated-button__Styled-sc-8yap2o-0 header__NavButton-sc-1d89fv0-0 header__Delivery-sc-1d89fv0-1 jSZuai ipIFAa jUUCik"><span class="button__Content-sc-1ww3hqq-4 jZuqQi"><span class="icon__StyledIcon-sc-1055srg-0 kyiaJz icon__StyledWrappedIcon-sc-1055srg-1 button__ButtonIcon-sc-1ww3hqq-5 kaFbmS uQprx" data-test="icon__slot"><svg><use href="#svg-slot"></use></svg></span><span class="button__VisuallyConcealedChildContent-sc-1ww3hqq-8 iqSZfu"><span>Se lediga leveranstider</span></span></span></a></div><div class="header__Item-sc-rs4lbb-7 aNHwa"><button type="button" data-test="checkout-skip-link" role="link" class="base-button__BaseButton-sc-1gkygj5-0 jIBNrj deprecated-button__Styled-sc-8yap2o-0 skip-link__SkipLinkBase-sc-69ltxe-0 jSZuai vcKds"><span class="button__Content-sc-1ww3hqq-4 jZuqQi"><span class="button__ChildContent-sc-1ww3hqq-7 eieJau"><span>GÃ¥ till kassan</span></span></span></button><div data-test="expanded-trolley" data-synthetics="expanded-trolley"><span class="_vc_1mycs_1" aria-live="polite" aria-relevant="text" aria-atomic="true" data-test="basket-live-region"><span>Totalt antal varor i varukorgen 0. Antal i varukorgen 0,00&nbsp;kr.</span></span><span class="button__InfoWrapper-sc-1ww3hqq-0 jXZeZH"><button type="button" data-test="basket-button" aria-label="Varukorg 0,00Â kr - Ãppna kundvagn fÃ¶r snabbvisning" data-synthetics="basket-details-button" class="base-button__BaseButton-sc-1gkygj5-0 glfZMI deprecated-button__Styled-sc-8yap2o-0 header__NavButton-sc-1d89fv0-0 header__BasketButton-sc-1d89fv0-2 jSZuai ipIFAa kRoNPL"><span class="button__Content-sc-1ww3hqq-4 jZuqQi"><span class="icon__StyledIcon-sc-1055srg-0 hsEAlX icon__StyledWrappedIcon-sc-1055srg-1 button__ButtonIcon-sc-1ww3hqq-5 kaFbmS kxTmaz" data-test="icon__trolley"><svg><use href="#svg-trolley"></use></svg></span><span class="button__ChildContent-sc-1ww3hqq-7 eieJau"><span aria-hidden="true" class="styled__PriceSection-sc-6wzrgl-0 hZxyMX"><span data-test="basket-price">0,00&nbsp;kr</span></span></span></span></button><span class="button__Info-sc-1ww3hqq-2 dbczzO"><span data-test="checkout-threshold" class="rectangular-badge__RectangularBadge-sc-1k9mcpf-0 button__InfoContent-sc-1ww3hqq-3 hqpEkh dEEtIS">Min: 100,00&nbsp;kr</span></span></span><div data-synthetics="checkout-threshold"></div></div></div></div><div class="header__Bottom-sc-rs4lbb-15 fXoMJx"><div class="flex__Flex-sc-mmemlz-0 gHuzwA salt-gap--2 lg:salt-p--2"><div class="header__NavButtonWrapper-sc-rs4lbb-2 drSxBy salt-m-y--2 salt-m-l--2 lg:salt-m--0"><span id="nav-label" class="text__Text-sc-6l1yjp-0 cYotRp">Kategorier</span><nav id="navigation-dropdown" aria-label="Kategorier" data-test="header-shop-categories" class="dropdown__ItemContainer-sc-ah7mxi-0 SEO-friendly-navigation__StyledDropdownItemContainer-sc-12i3smv-2 kMQQYV YfmUP"><div class="visible__StyledVisible-sc-1wz1hmv-0 ijmQNw"><button type="button" data-test="shop-button" aria-label="Kategorier" id="nav-menu-button" aria-expanded="false" aria-haspopup="true" class="base-button__BaseButton-sc-1gkygj5-0 dCkgNE deprecated-button__Styled-sc-8yap2o-0 SEO-friendly-navigation__StyledButton-sc-12i3smv-4 jSZuai jvwAjO"><span class="button__Content-sc-1ww3hqq-4 jZuqQi"><span class="icon__StyledIcon-sc-1055srg-0 kyiaJz icon__StyledWrappedIcon-sc-1055srg-1 button__ButtonIcon-sc-1ww3hqq-5 kaFbmS kxTmaz" data-test="icon__browse"><svg><use href="#svg-browse"></use></svg></span><span class="button__ChildContent-sc-1ww3hqq-7 eieJau">Kategorier</span><span class="icon__StyledIcon-sc-1055srg-0 bYvKiv icon__StyledWrappedIcon-sc-1055srg-1 button__ButtonIcon-sc-1ww3hqq-5 kaFbmS cEPYtg" data-test="icon__arrow_down"><svg><use href="#svg-arrow_down"></use></svg></span></span></button></div><div class="hidden__StyledHidden-sc-zjhdi2-0 bBgEdM"><button type="button" data-test="shop-button" title="Knapp fÃ¶r huvudmeny" class="base-button__BaseButton-sc-1gkygj5-0 cCOWgU deprecated-button__Styled-sc-8yap2o-0 SEO-friendly-navigation__StyledButton-sc-12i3smv-4 jSZuai jvwAjO"><span class="button__Content-sc-1ww3hqq-4 jZuqQi"><span class="icon__StyledIcon-sc-1055srg-0 kyiaJz icon__StyledWrappedIcon-sc-1055srg-1 button__ButtonIcon-sc-1ww3hqq-5 kaFbmS cBPlbn" data-test="icon__menu"><svg><use href="#svg-menu"></use></svg></span><span class="button__ChildContent-sc-1ww3hqq-7 eieJau"></span></span></button></div><div data-test="styled-dropdown" class="dropdown__Dropdown-sc-ah7mxi-1 SEO-friendly-navigation__StyledDropdown-sc-12i3smv-3 emDBCb eHtHpc"><div class="dropdown__Content-sc-ah7mxi-2 SEO-friendly-navigation__StyledDropdownContent-sc-12i3smv-1 hSthjS bZKrGr"><div class="nav-pane__StyledNavPane-sc-1aludvv-0 khBVuj"><ul id="nav-menu" aria-labelledby="nav-menu-button" role="menu" class="nav-list__StyledNavList-sc-1w5m3ly-0 ktBsmQ"><li role="menuitem" class="nav-list-item__StyledNavListItem-sc-avd605-0 kvzTiF"><a href="https://handlaprivatkund.ica.se/stores/1015001/categories?source=navigation" aria-haspopup="false" data-test="Alla produkter" data-first="nav-pane-0" class="link__Link-sc-14ymsi2-0 dSyqLR link__Link-sc-14ymsi2-0 nav-list-item__StyledNavListItemLink-sc-avd605-2 dSyqLR bCNrtv"><div><span class="text__Text-sc-6l1yjp-0 hUxOO">Alla produkter</span></div></a></li><li role="menuitem" class="nav-list-item__StyledNavListItem-sc-avd605-0 kvzTiF"><a href="https://handlaprivatkund.ica.se/stores/1015001/categories/Jul/f7217db9-9c8c-4fc8-9f6e-1c764c81d6e6?source=navigation" aria-haspopup="true" aria-expanded="false" data-test="Jul" class="link__Link-sc-14ymsi2-0 dSyqLR link__Link-sc-14ymsi2-0 nav-list-item__StyledNavListItemLink-sc-avd605-2 dSyqLR gTsByD"><div><span class="text__Text-sc-6l1yjp-0 dLNLFE">Jul</span></div><span class="icon__StyledIcon-sc-1055srg-0 bzXuCr icon__StyledWrappedIcon-sc-1055srg-1 kaFbmS" data-test="icon__arrow_right"><svg><use href="#svg-arrow_right"></use></svg></span></a></li><li role="menuitem" class="nav-list-item__StyledNavListItem-sc-avd605-0 kvzTiF"><a href="https://handlaprivatkund.ica.se/stores/1015001/categories/Inspiration/e0b72aab-cbdc-4320-ad4a-d2ac6fcba7b2?source=navigation" aria-haspopup="true" aria-expanded="false" data-test="Inspiration" class="link__Link-sc-14ymsi2-0 dSyqLR link__Link-sc-14ymsi2-0 nav-list-item__StyledNavListItemLink-sc-avd605-2 dSyqLR gTsByD"><div><span class="text__Text-sc-6l1yjp-0 dLNLFE">Inspiration</span></div><span class="icon__StyledIcon-sc-1055srg-0 bzXuCr icon__StyledWrappedIcon-sc-1055srg-1 kaFbmS" data-test="icon__arrow_right"><svg><use href="#svg-arrow_right"></use></svg></span></a></li><li role="menuitem" class="nav-list-item__StyledNavListItem-sc-avd605-0 kvzTiF"><a href="https://handlaprivatkund.ica.se/stores/1015001/categories/Butikens-egna-varor/aab5f5d0-3d78-462d-8cfd-7b9401aa44c4?source=navigation" aria-haspopup="true" aria-expanded="false" data-test="Butikens egna varor" class="link__Link-sc-14ymsi2-0 dSyqLR link__Link-sc-14ymsi2-0 nav-list-item__StyledNavListItemLink-sc-avd605-2 dSyqLR gTsByD"><div><span class="text__Text-sc-6l1yjp-0 dLNLFE">Butikens egna varor</span></div><span class="icon__StyledIcon-sc-1055srg-0 bzXuCr icon__StyledWrappedIcon-sc-1055srg-1 kaFbmS" data-test="icon__arrow_right"><svg><use href="#svg-arrow_right"></use></svg></span></a></li><li role="menuitem" class="nav-list-item__StyledNavListItem-sc-avd605-0 kvzTiF"><a href="https://handlaprivatkund.ica.se/stores/1015001/categories/K%C3%B6tt-F%C3%A5gel-Fisk/ef5d0b8d-e70e-4034-9f3d-424bb750545c?source=navigation" aria-haspopup="true" aria-expanded="false" data-test="KÃ¶tt, FÃ¥gel &amp; Fisk" class="link__Link-sc-14ymsi2-0 dSyqLR link__Link-sc-14ymsi2-0 nav-list-item__StyledNavListItemLink-sc-avd605-2 dSyqLR gTsByD"><div><span class="text__Text-sc-6l1yjp-0 dLNLFE">KÃ¶tt, FÃ¥gel &amp; Fisk</span></div><span class="icon__StyledIcon-sc-1055srg-0 bzXuCr icon__StyledWrappedIcon-sc-1055srg-1 kaFbmS" data-test="icon__arrow_right"><svg><use href="#svg-arrow_right"></use></svg></span></a></li><li role="menuitem" class="nav-list-item__StyledNavListItem-sc-avd605-0 kvzTiF"><a href="https://handlaprivatkund.ica.se/stores/1015001/categories/Vegetariskt/716e8481-1c45-498b-8cd4-52be72cf7eb9?source=navigation" aria-haspopup="true" aria-expanded="false" data-test="Vegetariskt" class="link__Link-sc-14ymsi2-0 dSyqLR link__Link-sc-14ymsi2-0 nav-list-item__StyledNavListItemLink-sc-avd605-2 dSyqLR gTsByD"><div><span class="text__Text-sc-6l1yjp-0 dLNLFE">Vegetariskt</span></div><span class="icon__StyledIcon-sc-1055srg-0 bzXuCr icon__StyledWrappedIcon-sc-1055srg-1 kaFbmS" data-test="icon__arrow_right"><svg><use href="#svg-arrow_right"></use></svg></span></a></li><li role="menuitem" class="nav-list-item__StyledNavListItem-sc-avd605-0 kvzTiF"><a href="https://handlaprivatkund.ica.se/stores/1015001/categories/Frukt-Gr%C3%B6nt/aa7a886e-881f-4d1b-bc20-ee8e4b5c2a30?source=navigation" aria-haspopup="true" aria-expanded="false" data-test="Frukt &amp; GrÃ¶nt" class="link__Link-sc-14ymsi2-0 dSyqLR link__Link-sc-14ymsi2-0 nav-list-item__StyledNavListItemLink-sc-avd605-2 dSyqLR gTsByD"><div><span class="text__Text-sc-6l1yjp-0 dLNLFE">Frukt &amp; GrÃ¶nt</span></div><span class="icon__StyledIcon-sc-1055srg-0 bzXuCr icon__StyledWrappedIcon-sc-1055srg-1 kaFbmS" data-test="icon__arrow_right"><svg><use href="#svg-arrow_right"></use></svg></span></a></li><li role="menuitem" class="nav-list-item__StyledNavListItem-sc-avd605-0 kvzTiF"><a href="https://handlaprivatkund.ica.se/stores/1015001/categories/Mejeri-Ost/ae871f1d-f02c-46b0-91dc-ce74380d0212?source=navigation" aria-haspopup="true" aria-expanded="false" data-test="Mejeri &amp; Ost" class="link__Link-sc-14ymsi2-0 dSyqLR link__Link-sc-14ymsi2-0 nav-list-item__StyledNavListItemLink-sc-avd605-2 dSyqLR gTsByD"><div><span class="text__Text-sc-6l1yjp-0 dLNLFE">Mejeri &amp; Ost</span></div><span class="icon__StyledIcon-sc-1055srg-0 bzXuCr icon__StyledWrappedIcon-sc-1055srg-1 kaFbmS" data-test="icon__arrow_right"><svg><use href="#svg-arrow_right"></use></svg></span></a></li><li role="menuitem" class="nav-list-item__StyledNavListItem-sc-avd605-0 kvzTiF"><a href="https://handlaprivatkund.ica.se/stores/1015001/categories/Barn/825ef9f8-6260-4f05-a911-43c16b983561?source=navigation" aria-haspopup="true" aria-expanded="false" data-test="Barn" class="link__Link-sc-14ymsi2-0 dSyqLR link__Link-sc-14ymsi2-0 nav-list-item__StyledNavListItemLink-sc-avd605-2 dSyqLR gTsByD"><div><span class="text__Text-sc-6l1yjp-0 dLNLFE">Barn</span></div><span class="icon__StyledIcon-sc-1055srg-0 bzXuCr icon__StyledWrappedIcon-sc-1055srg-1 kaFbmS" data-test="icon__arrow_right"><svg><use href="#svg-arrow_right"></use></svg></span></a></li><li role="menuitem" class="nav-list-item__StyledNavListItem-sc-avd605-0 kvzTiF"><a href="https://handlaprivatkund.ica.se/stores/1015001/categories/Br%C3%B6d-Kakor/4661d4a3-e892-47e8-b707-d79b85204330?source=navigation" aria-haspopup="true" aria-expanded="false" data-test="BrÃ¶d &amp; Kakor" class="link__Link-sc-14ymsi2-0 dSyqLR link__Link-sc-14ymsi2-0 nav-list-item__StyledNavListItemLink-sc-avd605-2 dSyqLR gTsByD"><div><span class="text__Text-sc-6l1yjp-0 dLNLFE">BrÃ¶d &amp; Kakor</span></div><span class="icon__StyledIcon-sc-1055srg-0 bzXuCr icon__StyledWrappedIcon-sc-1055srg-1 kaFbmS" data-test="icon__arrow_right"><svg><use href="#svg-arrow_right"></use></svg></span></a></li><li role="menuitem" class="nav-list-item__StyledNavListItem-sc-avd605-0 kvzTiF"><a href="https://handlaprivatkund.ica.se/stores/1015001/categories/F%C3%A4rdigmat/d75778c3-836f-47c2-834a-4957711c8085?source=navigation" aria-haspopup="true" aria-expanded="false" data-test="FÃ¤rdigmat" class="link__Link-sc-14ymsi2-0 dSyqLR link__Link-sc-14ymsi2-0 nav-list-item__StyledNavListItemLink-sc-avd605-2 dSyqLR gTsByD"><div><span class="text__Text-sc-6l1yjp-0 dLNLFE">FÃ¤rdigmat</span></div><span class="icon__StyledIcon-sc-1055srg-0 bzXuCr icon__StyledWrappedIcon-sc-1055srg-1 kaFbmS" data-test="icon__arrow_right"><svg><use href="#svg-arrow_right"></use></svg></span></a></li><li role="menuitem" class="nav-list-item__StyledNavListItem-sc-avd605-0 kvzTiF"><a href="https://handlaprivatkund.ica.se/stores/1015001/categories/Dryck/11f0e9b5-251a-4643-a2f9-c40d42e9efcc?source=navigation" aria-haspopup="true" aria-expanded="false" data-test="Dryck" class="link__Link-sc-14ymsi2-0 dSyqLR link__Link-sc-14ymsi2-0 nav-list-item__StyledNavListItemLink-sc-avd605-2 dSyqLR gTsByD"><div><span class="text__Text-sc-6l1yjp-0 dLNLFE">Dryck</span></div><span class="icon__StyledIcon-sc-1055srg-0 bzXuCr icon__StyledWrappedIcon-sc-1055srg-1 kaFbmS" data-test="icon__arrow_right"><svg><use href="#svg-arrow_right"></use></svg></span></a></li><li role="menuitem" class="nav-list-item__StyledNavListItem-sc-avd605-0 kvzTiF"><a href="https://handlaprivatkund.ica.se/stores/1015001/categories/Skafferi/08a38346-3534-4e27-bd8a-821fa909b8e6?source=navigation" aria-haspopup="true" aria-expanded="false" data-test="Skafferi" class="link__Link-sc-14ymsi2-0 dSyqLR link__Link-sc-14ymsi2-0 nav-list-item__StyledNavListItemLink-sc-avd605-2 dSyqLR gTsByD"><div><span class="text__Text-sc-6l1yjp-0 dLNLFE">Skafferi</span></div><span class="icon__StyledIcon-sc-1055srg-0 bzXuCr icon__StyledWrappedIcon-sc-1055srg-1 kaFbmS" data-test="icon__arrow_right"><svg><use href="#svg-arrow_right"></use></svg></span></a></li><li role="menuitem" class="nav-list-item__StyledNavListItem-sc-avd605-0 kvzTiF"><a href="https://handlaprivatkund.ica.se/stores/1015001/categories/Fryst/7194027b-c314-4886-b2cf-a01de422742d?source=navigation" aria-haspopup="true" aria-expanded="false" data-test="Fryst" class="link__Link-sc-14ymsi2-0 dSyqLR link__Link-sc-14ymsi2-0 nav-list-item__StyledNavListItemLink-sc-avd605-2 dSyqLR gTsByD"><div><span class="text__Text-sc-6l1yjp-0 dLNLFE">Fryst</span></div><span class="icon__StyledIcon-sc-1055srg-0 bzXuCr icon__StyledWrappedIcon-sc-1055srg-1 kaFbmS" data-test="icon__arrow_right"><svg><use href="#svg-arrow_right"></use></svg></span></a></li><li role="menuitem" class="nav-list-item__StyledNavListItem-sc-avd605-0 kvzTiF"><a href="https://handlaprivatkund.ica.se/stores/1015001/categories/Glass-Godis-Snacks/106e21e6-c238-46ec-b497-7053a1ad1f5c?source=navigation" aria-haspopup="true" aria-expanded="false" data-test="Glass, Godis &amp; Snacks" class="link__Link-sc-14ymsi2-0 dSyqLR link__Link-sc-14ymsi2-0 nav-list-item__StyledNavListItemLink-sc-avd605-2 dSyqLR gTsByD"><div><span class="text__Text-sc-6l1yjp-0 dLNLFE">Glass, Godis &amp; Snacks</span></div><span class="icon__StyledIcon-sc-1055srg-0 bzXuCr icon__StyledWrappedIcon-sc-1055srg-1 kaFbmS" data-test="icon__arrow_right"><svg><use href="#svg-arrow_right"></use></svg></span></a></li><li role="menuitem" class="nav-list-item__StyledNavListItem-sc-avd605-0 kvzTiF"><a href="https://handlaprivatkund.ica.se/stores/1015001/categories/Apotek-H%C3%A4lsa-Sk%C3%B6nhet/5c6c4063-0420-48d6-bdbb-c8865ae4bee9?source=navigation" aria-haspopup="true" aria-expanded="false" data-test="Apotek, HÃ¤lsa &amp; SkÃ¶nhet" class="link__Link-sc-14ymsi2-0 dSyqLR link__Link-sc-14ymsi2-0 nav-list-item__StyledNavListItemLink-sc-avd605-2 dSyqLR gTsByD"><div><span class="text__Text-sc-6l1yjp-0 dLNLFE">Apotek, HÃ¤lsa &amp; SkÃ¶nhet</span></div><span class="icon__StyledIcon-sc-1055srg-0 bzXuCr icon__StyledWrappedIcon-sc-1055srg-1 kaFbmS" data-test="icon__arrow_right"><svg><use href="#svg-arrow_right"></use></svg></span></a></li><li role="menuitem" class="nav-list-item__StyledNavListItem-sc-avd605-0 kvzTiF"><a href="https://handlaprivatkund.ica.se/stores/1015001/categories/Tr%C3%A4ning-%C3%85terh%C3%A4mtning/93483b52-eacd-4bc7-9106-dad0b24c715c?source=navigation" aria-haspopup="true" aria-expanded="false" data-test="TrÃ¤ning &amp; ÃterhÃ¤mtning" class="link__Link-sc-14ymsi2-0 dSyqLR link__Link-sc-14ymsi2-0 nav-list-item__StyledNavListItemLink-sc-avd605-2 dSyqLR gTsByD"><div><span class="text__Text-sc-6l1yjp-0 dLNLFE">TrÃ¤ning &amp; ÃterhÃ¤mtning</span></div><span class="icon__StyledIcon-sc-1055srg-0 bzXuCr icon__StyledWrappedIcon-sc-1055srg-1 kaFbmS" data-test="icon__arrow_right"><svg><use href="#svg-arrow_right"></use></svg></span></a></li><li role="menuitem" class="nav-list-item__StyledNavListItem-sc-avd605-0 kvzTiF"><a href="https://handlaprivatkund.ica.se/stores/1015001/categories/Djur/496f799b-87b0-454f-a9e9-01d91bfaf9a6?source=navigation" aria-haspopup="true" aria-expanded="false" data-test="Djur" class="link__Link-sc-14ymsi2-0 dSyqLR link__Link-sc-14ymsi2-0 nav-list-item__StyledNavListItemLink-sc-avd605-2 dSyqLR gTsByD"><div><span class="text__Text-sc-6l1yjp-0 dLNLFE">Djur</span></div><span class="icon__StyledIcon-sc-1055srg-0 bzXuCr icon__StyledWrappedIcon-sc-1055srg-1 kaFbmS" data-test="icon__arrow_right"><svg><use href="#svg-arrow_right"></use></svg></span></a></li><li role="menuitem" class="nav-list-item__StyledNavListItem-sc-avd605-0 kvzTiF"><a href="https://handlaprivatkund.ica.se/stores/1015001/categories/St%C3%A4d-Tv%C3%A4tt-Papper/f85d576e-6b50-4fca-99f8-ab2cb7336eda?source=navigation" aria-haspopup="true" aria-expanded="false" data-test="StÃ¤d, TvÃ¤tt &amp; Papper" class="link__Link-sc-14ymsi2-0 dSyqLR link__Link-sc-14ymsi2-0 nav-list-item__StyledNavListItemLink-sc-avd605-2 dSyqLR gTsByD"><div><span class="text__Text-sc-6l1yjp-0 dLNLFE">StÃ¤d, TvÃ¤tt &amp; Papper</span></div><span class="icon__StyledIcon-sc-1055srg-0 bzXuCr icon__StyledWrappedIcon-sc-1055srg-1 kaFbmS" data-test="icon__arrow_right"><svg><use href="#svg-arrow_right"></use></svg></span></a></li><li role="menuitem" class="nav-list-item__StyledNavListItem-sc-avd605-0 kvzTiF"><a href="https://handlaprivatkund.ica.se/stores/1015001/categories/K%C3%B6k/0a804162-78ef-4f3f-9eaf-3a4c5070e12c?source=navigation" aria-haspopup="true" aria-expanded="false" data-test="KÃ¶k" class="link__Link-sc-14ymsi2-0 dSyqLR link__Link-sc-14ymsi2-0 nav-list-item__StyledNavListItemLink-sc-avd605-2 dSyqLR gTsByD"><div><span class="text__Text-sc-6l1yjp-0 dLNLFE">KÃ¶k</span></div><span class="icon__StyledIcon-sc-1055srg-0 bzXuCr icon__StyledWrappedIcon-sc-1055srg-1 kaFbmS" data-test="icon__arrow_right"><svg><use href="#svg-arrow_right"></use></svg></span></a></li><li role="menuitem" class="nav-list-item__StyledNavListItem-sc-avd605-0 kvzTiF"><a href="https://handlaprivatkund.ica.se/stores/1015001/categories/Hem-Inredning/8fb28e2a-dc87-4395-a848-3a058f44be79?source=navigation" aria-haspopup="true" aria-expanded="false" data-test="Hem &amp; Inredning" class="link__Link-sc-14ymsi2-0 dSyqLR link__Link-sc-14ymsi2-0 nav-list-item__StyledNavListItemLink-sc-avd605-2 dSyqLR gTsByD"><div><span class="text__Text-sc-6l1yjp-0 dLNLFE">Hem &amp; Inredning</span></div><span class="icon__StyledIcon-sc-1055srg-0 bzXuCr icon__StyledWrappedIcon-sc-1055srg-1 kaFbmS" data-test="icon__arrow_right"><svg><use href="#svg-arrow_right"></use></svg></span></a></li><li role="menuitem" class="nav-list-item__StyledNavListItem-sc-avd605-0 kvzTiF"><a href="https://handlaprivatkund.ica.se/stores/1015001/categories/Fritid/464f28e9-6a84-4afb-87c8-70b632793d6d?source=navigation" aria-haspopup="true" aria-expanded="false" data-test="Fritid" class="link__Link-sc-14ymsi2-0 dSyqLR link__Link-sc-14ymsi2-0 nav-list-item__StyledNavListItemLink-sc-avd605-2 dSyqLR gTsByD"><div><span class="text__Text-sc-6l1yjp-0 dLNLFE">Fritid</span></div><span class="icon__StyledIcon-sc-1055srg-0 bzXuCr icon__StyledWrappedIcon-sc-1055srg-1 kaFbmS" data-test="icon__arrow_right"><svg><use href="#svg-arrow_right"></use></svg></span></a></li><li role="menuitem" class="nav-list-item__StyledNavListItem-sc-avd605-0 kvzTiF"><a href="https://handlaprivatkund.ica.se/stores/1015001/categories/Blommor-Tr%C3%A4dg%C3%A5rd/6681b15a-39f1-4040-bb5f-3ac1340e494b?source=navigation" aria-haspopup="true" aria-expanded="false" data-test="Blommor &amp; TrÃ¤dgÃ¥rd" class="link__Link-sc-14ymsi2-0 dSyqLR link__Link-sc-14ymsi2-0 nav-list-item__StyledNavListItemLink-sc-avd605-2 dSyqLR gTsByD"><div><span class="text__Text-sc-6l1yjp-0 dLNLFE">Blommor &amp; TrÃ¤dgÃ¥rd</span></div><span class="icon__StyledIcon-sc-1055srg-0 bzXuCr icon__StyledWrappedIcon-sc-1055srg-1 kaFbmS" data-test="icon__arrow_right"><svg><use href="#svg-arrow_right"></use></svg></span></a></li><li role="menuitem" class="nav-list-item__StyledNavListItem-sc-avd605-0 kvzTiF"><a href="https://handlaprivatkund.ica.se/stores/1015001/categories/Tobak/8a50ed25-8c8a-447e-a1a7-7dc9e8ed534e?source=navigation" aria-haspopup="true" aria-expanded="false" data-test="Tobak" class="link__Link-sc-14ymsi2-0 dSyqLR link__Link-sc-14ymsi2-0 nav-list-item__StyledNavListItemLink-sc-avd605-2 dSyqLR gTsByD"><div><span class="text__Text-sc-6l1yjp-0 dLNLFE">Tobak</span></div><span class="icon__StyledIcon-sc-1055srg-0 bzXuCr icon__StyledWrappedIcon-sc-1055srg-1 kaFbmS" data-test="icon__arrow_right"><svg><use href="#svg-arrow_right"></use></svg></span></a></li></ul></div></div></div></nav></div><div class="visible__StyledVisible-sc-1wz1hmv-0 ijmQNw"><a href="https://handlaprivatkund.ica.se/stores/1015001/recipes?source=header%20button" data-test="recipes-button" class="link__Link-sc-14ymsi2-0 dSyqLR base-button__BaseButton-sc-1gkygj5-0 dCkgNE deprecated-button__Styled-sc-8yap2o-0 header__BottomButton-sc-1d89fv0-3 jSZuai iQxcvj"><span class="button__Content-sc-1ww3hqq-4 jZuqQi"><span class="icon__StyledIcon-sc-1055srg-0 kyiaJz icon__StyledWrappedIcon-sc-1055srg-1 button__ButtonIcon-sc-1ww3hqq-5 kaFbmS kxTmaz" data-test="icon__recipes"><svg><use href="#svg-recipes"></use></svg></span><span class="button__ChildContent-sc-1ww3hqq-7 eieJau"><span>Recept</span></span></span></a></div><div class="visible__StyledVisible-sc-1wz1hmv-0 ijmQNw"><a href="https://handlaprivatkund.ica.se/stores/1015001/favorites?source=header%20button" data-test="favourites-button" class="link__Link-sc-14ymsi2-0 dSyqLR base-button__BaseButton-sc-1gkygj5-0 dCkgNE deprecated-button__Styled-sc-8yap2o-0 header__BottomButton-sc-1d89fv0-3 jSZuai iQxcvj"><span class="button__Content-sc-1ww3hqq-4 jZuqQi"><span class="icon__StyledIcon-sc-1055srg-0 kyiaJz icon__StyledWrappedIcon-sc-1055srg-1 button__ButtonIcon-sc-1ww3hqq-5 kaFbmS kxTmaz" data-test="icon__favourites"><svg><use href="#svg-favourites"></use></svg></span><span class="button__ChildContent-sc-1ww3hqq-7 eieJau"><span>Dina favoriter</span></span></span></a></div><div class="visible__StyledVisible-sc-1wz1hmv-0 ijmQNw"><a href="https://handlaprivatkund.ica.se/stores/1015001/lists?source=header%20button" data-test="shopping-list-button" class="link__Link-sc-14ymsi2-0 dSyqLR base-button__BaseButton-sc-1gkygj5-0 dCkgNE deprecated-button__Styled-sc-8yap2o-0 header__BottomButton-sc-1d89fv0-3 jSZuai iQxcvj"><span class="button__Content-sc-1ww3hqq-4 jZuqQi"><span class="icon__StyledIcon-sc-1055srg-0 kyiaJz icon__StyledWrappedIcon-sc-1055srg-1 button__ButtonIcon-sc-1ww3hqq-5 kaFbmS kxTmaz" data-test="icon__list"><svg><use href="#svg-list"></use></svg></span><span class="button__ChildContent-sc-1ww3hqq-7 eieJau"><span>Dina listor</span></span></span></a></div><div class="visible__StyledVisible-sc-1wz1hmv-0 ijmQNw"><a href="https://handlaprivatkund.ica.se/stores/1015001/regulars?source=header%20button" data-test="regular-orders-button" class="link__Link-sc-14ymsi2-0 dSyqLR base-button__BaseButton-sc-1gkygj5-0 dCkgNE deprecated-button__Styled-sc-8yap2o-0 header__BottomButton-sc-1d89fv0-3 jSZuai iQxcvj"><span class="button__Content-sc-1ww3hqq-4 jZuqQi"><span class="icon__StyledIcon-sc-1055srg-0 kyiaJz icon__StyledWrappedIcon-sc-1055srg-1 button__ButtonIcon-sc-1ww3hqq-5 kaFbmS kxTmaz" data-test="icon__regulars"><svg><use href="#svg-regulars"></use></svg></span><span class="button__ChildContent-sc-1ww3hqq-7 eieJau"><span>Ãterkommande</span></span></span></a></div></div></div></header><div role="alert" class="notification__Wrapper-sc-k505hm-0 sc-iAKVOt dnIMge lmqlow"></div><aside aria-label="InnehÃ¥llsblock pÃ¥ sidan" data-test="communication-block"><style>
		html, body
		{
			margin: 0;
			padding: 0;
		}
		body {
			background-color: #f9f5f5;
		}
		
		
		.gcs-ica {
			display: flex;
			box-sizing: content-box;
			height: 48px;
			padding: 8px 0;
			background-color: #fff;
			
		}
		.gcs-ica-col {
			flex-basis: auto;
			padding-left: 8px;
			padding-right: 8px;
		}
		.gcs-ica-col span {
			display: block;
			height: 100%;
			text-align: center;
			border-radius: 4px;
		}
		.gcs-ica-col-store_pattern {
			flex-grow: 1;
		}
		.gcs-ica-col-store_pattern span {
			background-image: url("https://assets.icanet.se/q_auto,f_auto/Online-editor/gcs/Maxi/storepattern-maxi-original.png");
			background-size: cover;
			background-position: center right;
			background-repeat: no-repeat;
		}
		.gcs-ica-col-store_name {
			position: absolute;
			left: 50%;
			transform: translateX(-50%);
			line-height: 0;
		}
		.gcs-ica-col-store_name span.gcs-ica-corner-container {
			display: block;
			position: relative;
			padding: 0 24px;
			background-color: #fff;
		}
		.gcs-ica-col-store_name span.gcs-ica-corner {
			display: block;
			position: relative;
		}
		.gcs-ica-col-store_name span.gcs-ica-corner::before {
			content: "";
			position: absolute;
			height: 8px;
			width: 8px;
			background-color: transparent;
		}
		.gcs-ica-col-store_name span.gcs-ica-corner-1::before {
			top: 0;
			left: -32px;
			border-top-right-radius: 4px;
			box-shadow: 0 -4px 0 0 #fff;
		}
		.gcs-ica-col-store_name span.gcs-ica-corner-2::before {
			top: 0;
			right: -32px;
			border-top-left-radius: 4px;
			box-shadow: 0 -4px 0 0 #fff;
		}
		.gcs-ica-col-store_name span.gcs-ica-corner-3::before {
			bottom: 0;
			left: -32px;
			border-bottom-right-radius: 4px;
			box-shadow: 0 4px 0 0 #fff;
		}
		.gcs-ica-col-store_name span.gcs-ica-corner-4::before {
			bottom: 0;
			right: -32px;
			border-bottom-left-radius: 4px;
			box-shadow: 0 4px 0 0 #fff;
		}
		.gcs-ica-col-store_name span img {
			height: 48px;
		}
		.gcs-ica-col-store_logo {
			flex-grow: 0;
		}
		.gcs-ica-col-store_logo span {
			width: 48px;
			height: 100%;
			background-image: url("https://assets.icanet.se/q_auto,f_auto/Online-editor/gcs/Maxi/storelogo-maxi.png");
			background-size: 100% 100%;
			background-repeat: no-repeat;
		}
		.gcs-ica-col-store_owner {
			flex-grow: 0;
		}
		.gcs-ica-col-store_owner span {
			width: 48px;
			height: 100%;
			background-image: url("https://assets.icanet.se/q_auto,f_auto/Online-editor/gcs/Ica-kasse.png");
			background-size: 100% 100%;
			background-repeat: no-repeat;
			box-shadow: 0px 1px 2px 0px rgba(0, 0, 0, .24);
		}
		
		@media (max-width: 991px) {
			.gcs-ica {
				height: 32px;
			}
			.gcs-ica-col-store_name span img {
				height: 32px;
			}
			.gcs-ica-col-store_logo span,
			.gcs-ica-col-store_owner span {
				width: 32px;
				height: 32px;
			}
		}
		
		@media (max-width: 540px) {
			.gcs-ica-col-store_name span.gcs-ica-corner-container {
				padding: 0 8px;
			}
			.gcs-ica-col-store_name span.gcs-ica-corner-1::before,
			.gcs-ica-col-store_name span.gcs-ica-corner-3::before {
				left: -24px;
			}
			.gcs-ica-col-store_name span.gcs-ica-corner-2::before,
			.gcs-ica-col-store_name span.gcs-ica-corner-4::before {
				right: -24px;
			}
		}
		
		@media (max-width: 414px) {
			.gcs-ica-col-store_name {
				left: 0%;
				transform: translateX(0%);
			}
			.gcs-ica-col-store_pattern span {
				display: none;
			}
		}
    </style>
    
    <div class="gcs-ica">
		<div class="gcs-ica-col gcs-ica-col-store_pattern">
			<span></span>
		</div>
		<div class="gcs-ica-col-store_name">
			<span class="gcs-ica-corner-container">
				<span class="gcs-ica-corner gcs-ica-corner-1">
					<span class="gcs-ica-corner gcs-ica-corner-2">
						<span class="gcs-ica-corner gcs-ica-corner-3">
							<span class="gcs-ica-corner gcs-ica-corner-4">
								<img alt="Maxi ICA Stormarknad Bromma" src="./ica_market_4_files/Maxi_ICA_Stormarknad_Bromma.png">
							</span>
						</span>
					</span>
				</span>
			</span>
		</div>
		<div class="gcs-ica-col gcs-ica-col-store_logo">
			<span></span>
		</div>
		<div class="gcs-ica-col gcs-ica-col-store_owner">
			<span></span>
		</div>
	</div></aside><div class="spacing__Spacing-sc-ngu0v9-0 kGNrOD"><main id="main" class="sc-hiwReK iFZavI"><div id="products-page-breadcrumb" class="bar__Bar-sc-yg1m1g-0 jVHtea"><div class="spacing__Spacing-sc-ngu0v9-0 cZxhwj"><ul class="breadcrumb__List-sc-1w347cc-0 keGyt"><li class="breadcrumb__Item-sc-1w347cc-1 NMQZP"><a href="https://handlaprivatkund.ica.se/stores/1015001/categories" class="link__Link-sc-14ymsi2-0 dSyqLR link__Link-sc-14ymsi2-0 breadcrumb__BreadcrumbLinkComponent-sc-1w347cc-4 dSyqLR bMiRfT">Alla produkter</a><span class="icon__StyledIcon-sc-1055srg-0 bYvKiv icon__StyledWrappedIcon-sc-1055srg-1 breadcrumb__Chevron-sc-1w347cc-5 kaFbmS fVlEep" data-test="icon__arrow_right"><svg><use href="#svg-arrow_right"></use></svg></span></li><li class="breadcrumb__Item-sc-1w347cc-1 NMQZP"><a href="https://handlaprivatkund.ica.se/stores/1015001/categories/Glass-Godis-Snacks/106e21e6-c238-46ec-b497-7053a1ad1f5c" class="link__Link-sc-14ymsi2-0 dSyqLR link__Link-sc-14ymsi2-0 breadcrumb__BreadcrumbLinkComponent-sc-1w347cc-4 dSyqLR bMiRfT">Glass, Godis &amp; Snacks</a><span class="icon__StyledIcon-sc-1055srg-0 bYvKiv icon__StyledWrappedIcon-sc-1055srg-1 breadcrumb__Chevron-sc-1w347cc-5 kaFbmS fVlEep" data-test="icon__arrow_right"><svg><use href="#svg-arrow_right"></use></svg></span></li><li class="breadcrumb__Item-sc-1w347cc-1 NMQZP"><h1 class="heading__Base-sc-1vuwqc7-0-h1 breadcrumb__CurrentBreadcrumbText-sc-1w347cc-2 ZBWKl coIMJG">Choklad</h1></li></ul></div></div><div data-test="products-page"><div class="Grid-sc-1jllnbl-0 kBfQRa"><div class="Row-sc-1i32cqt-0 jakVRZ"><div class="Col-sc-1ia5hrt-0 bqgjSX"><div class="sc-iCfLBT kNsWMY"><div class="sc-gKckTs hSDKox"><div class="flex__Flex-sc-mmemlz-0 bsTRul"><h2 class="heading__Base-sc-1vuwqc7-0-h2 eXrrOT">Sortera</h2><div class="dropdown__ItemContainer-sc-ah7mxi-0 kMQQYV"><button type="button" data-test="sort-button" aria-activedescendant="" aria-controls="sort-menu" aria-expanded="false" aria-haspopup="listbox" id="sort-label" role="combobox" aria-label="Favoriter fÃ¶rst. Ãppna fÃ¶r att visa en lista med sorteringsalternativ" class="base-button__BaseButton-sc-1gkygj5-0 iQNlQg"><span class="dropdown-button__Content-sc-vqdl7b-0 iuInXR"><span class="dropdown-button__ContentText-sc-vqdl7b-1 bEcEvg">Favoriter fÃ¶rst</span><span class="icon__StyledIcon-sc-1055srg-0 kyiaJz icon__StyledWrappedIcon-sc-1055srg-1 dropdown-button__ChevronIcon-sc-vqdl7b-3 kaFbmS eVhvzv" data-test="icon__arrow_down"><svg><use href="#svg-arrow_down"></use></svg></span></span></button><div class="dropdown__Dropdown-sc-ah7mxi-1 navigable-content-dropdown__NavigableContentDropdown-sc-1vkxkn-0 bAfKUQ kjvEzI"><div class="dropdown__Content-sc-ah7mxi-2 hSthjS"><ul data-test="bordered-list-dropdown" id="sort-menu" role="listbox" aria-labelledby="sort-label" tabindex="-1" class="list__StyledList-sc-bv01u5-1 dSfiQt"><li role="option" aria-selected="true" id="downshift-7-item-0" class="list__ListItem-sc-bv01u5-0 dIXmyB"><div class="box__Box-sc-eqtis8-0 sort-list-item__StyledBox-sc-guwfop-0 cjnERF cxGQOl"><label style="margin-bottom:0" class="label__Label-sc-1wfo0cd-0 kupqLI"><span class="icon__StyledIcon-sc-1055srg-0 ouEsT icon__StyledWrappedIcon-sc-1055srg-1 radio__RadioIcon-sc-14rk3kl-0 radio__RadioIconOn-sc-14rk3kl-2 kaFbmS jnBxPQ bCzMoe" data-test="icon__radio_on"><svg><use href="#svg-radio_on"></use></svg></span><span data-test="sort-option" class="text__Text-sc-6l1yjp-0 eAhuRu"><strong class="text__Text-sc-6l1yjp-0 radio__RadioText-sc-14rk3kl-4 iWlLMY hqgQin">Favoriter fÃ¶rst</strong></span></label></div></li><li role="option" aria-selected="false" id="downshift-7-item-1" class="list__ListItem-sc-bv01u5-0 dIXmyB"><div class="box__Box-sc-eqtis8-0 sort-list-item__StyledBox-sc-guwfop-0 cjnERF cxGQOl"><label style="margin-bottom:0" class="label__Label-sc-1wfo0cd-0 kupqLI"><span class="icon__StyledIcon-sc-1055srg-0 ouEsT icon__StyledWrappedIcon-sc-1055srg-1 radio__RadioIcon-sc-14rk3kl-0 radio__RadioIconOff-sc-14rk3kl-1 kaFbmS jnBxPQ faOaZv" data-test="icon__radio_off"><svg><use href="#svg-radio_off"></use></svg></span><span data-test="sort-option" class="text__Text-sc-6l1yjp-0 eAhuRu"><strong class="text__Text-sc-6l1yjp-0 radio__RadioText-sc-14rk3kl-4 iWlLMY hqgQin">Jmf-pris: Stigande</strong></span></label></div></li><li role="option" aria-selected="false" id="downshift-7-item-2" class="list__ListItem-sc-bv01u5-0 dIXmyB"><div class="box__Box-sc-eqtis8-0 sort-list-item__StyledBox-sc-guwfop-0 cjnERF cxGQOl"><label style="margin-bottom:0" class="label__Label-sc-1wfo0cd-0 kupqLI"><span class="icon__StyledIcon-sc-1055srg-0 ouEsT icon__StyledWrappedIcon-sc-1055srg-1 radio__RadioIcon-sc-14rk3kl-0 radio__RadioIconOff-sc-14rk3kl-1 kaFbmS jnBxPQ faOaZv" data-test="icon__radio_off"><svg><use href="#svg-radio_off"></use></svg></span><span data-test="sort-option" class="text__Text-sc-6l1yjp-0 eAhuRu"><strong class="text__Text-sc-6l1yjp-0 radio__RadioText-sc-14rk3kl-4 iWlLMY hqgQin">Jmf-pris: Fallande</strong></span></label></div></li><li role="option" aria-selected="false" id="downshift-7-item-3" class="list__ListItem-sc-bv01u5-0 dIXmyB"><div class="box__Box-sc-eqtis8-0 sort-list-item__StyledBox-sc-guwfop-0 cjnERF cxGQOl"><label style="margin-bottom:0" class="label__Label-sc-1wfo0cd-0 kupqLI"><span class="icon__StyledIcon-sc-1055srg-0 ouEsT icon__StyledWrappedIcon-sc-1055srg-1 radio__RadioIcon-sc-14rk3kl-0 radio__RadioIconOff-sc-14rk3kl-1 kaFbmS jnBxPQ faOaZv" data-test="icon__radio_off"><svg><use href="#svg-radio_off"></use></svg></span><span data-test="sort-option" class="text__Text-sc-6l1yjp-0 eAhuRu"><strong class="text__Text-sc-6l1yjp-0 radio__RadioText-sc-14rk3kl-4 iWlLMY hqgQin">Produktnamn: AâÃ</strong></span></label></div></li><li role="option" aria-selected="false" id="downshift-7-item-4" class="list__ListItem-sc-bv01u5-0 dIXmyB"><div class="box__Box-sc-eqtis8-0 sort-list-item__StyledBox-sc-guwfop-0 cjnERF cxGQOl"><label style="margin-bottom:0" class="label__Label-sc-1wfo0cd-0 kupqLI"><span class="icon__StyledIcon-sc-1055srg-0 ouEsT icon__StyledWrappedIcon-sc-1055srg-1 radio__RadioIcon-sc-14rk3kl-0 radio__RadioIconOff-sc-14rk3kl-1 kaFbmS jnBxPQ faOaZv" data-test="icon__radio_off"><svg><use href="#svg-radio_off"></use></svg></span><span data-test="sort-option" class="text__Text-sc-6l1yjp-0 eAhuRu"><strong class="text__Text-sc-6l1yjp-0 radio__RadioText-sc-14rk3kl-4 iWlLMY hqgQin">Produktnamn: ÃâA</strong></span></label></div></li><li role="option" aria-selected="false" id="downshift-7-item-5" class="list__ListItem-sc-bv01u5-0 dIXmyB"><div class="box__Box-sc-eqtis8-0 sort-list-item__StyledBox-sc-guwfop-0 cjnERF cxGQOl"><label style="margin-bottom:0" class="label__Label-sc-1wfo0cd-0 kupqLI"><span class="icon__StyledIcon-sc-1055srg-0 ouEsT icon__StyledWrappedIcon-sc-1055srg-1 radio__RadioIcon-sc-14rk3kl-0 radio__RadioIconOff-sc-14rk3kl-1 kaFbmS jnBxPQ faOaZv" data-test="icon__radio_off"><svg><use href="#svg-radio_off"></use></svg></span><span data-test="sort-option" class="text__Text-sc-6l1yjp-0 eAhuRu"><strong class="text__Text-sc-6l1yjp-0 radio__RadioText-sc-14rk3kl-4 iWlLMY hqgQin">Pris: Stigande</strong></span></label></div></li><li role="option" aria-selected="false" id="downshift-7-item-6" class="list__ListItem-sc-bv01u5-0 dIXmyB"><div class="box__Box-sc-eqtis8-0 sort-list-item__StyledBox-sc-guwfop-0 cjnERF cxGQOl"><label style="margin-bottom:0" class="label__Label-sc-1wfo0cd-0 kupqLI"><span class="icon__StyledIcon-sc-1055srg-0 ouEsT icon__StyledWrappedIcon-sc-1055srg-1 radio__RadioIcon-sc-14rk3kl-0 radio__RadioIconOff-sc-14rk3kl-1 kaFbmS jnBxPQ faOaZv" data-test="icon__radio_off"><svg><use href="#svg-radio_off"></use></svg></span><span data-test="sort-option" class="text__Text-sc-6l1yjp-0 eAhuRu"><strong class="text__Text-sc-6l1yjp-0 radio__RadioText-sc-14rk3kl-4 iWlLMY hqgQin">Pris: Fallande</strong></span></label></div></li></ul></div></div></div><div class="spacing__Spacing-sc-ngu0v9-0 cScbLe"><h2 class="heading__Base-sc-1vuwqc7-0-h2 eXrrOT">Filtrera</h2></div><div data-test="filter-facet-brands" class="dropdown__ItemContainer-sc-ah7mxi-0 kMQQYV"><button type="button" data-test="filter-open-menu-brands" aria-activedescendant="" aria-controls="filter-menu-1-brands" aria-expanded="false" aria-haspopup="listbox" aria-labelledby="filter-label-brands" id="downshift-8-toggle-button" role="combobox" tabindex="0" aria-pressed="false" aria-label="VarumÃ¤rken" class="base-button__BaseButton-sc-1gkygj5-0 iQNlQg"><span class="dropdown-button__Content-sc-vqdl7b-0 iuInXR"><span class="dropdown-button__ContentText-sc-vqdl7b-1 bEcEvg">VarumÃ¤rken</span><span class="icon__StyledIcon-sc-1055srg-0 kyiaJz icon__StyledWrappedIcon-sc-1055srg-1 dropdown-button__ChevronIcon-sc-vqdl7b-3 kaFbmS eVhvzv" data-test="icon__arrow_down"><svg><use href="#svg-arrow_down"></use></svg></span></span></button></div><div data-test="filter-facet-dietaryAndLifestyle" class="dropdown__ItemContainer-sc-ah7mxi-0 kMQQYV"><button type="button" data-test="filter-open-menu-dietaryandlifestyle" aria-activedescendant="" aria-controls="filter-menu-1-ProduktmÃ¤rkningar" aria-expanded="false" aria-haspopup="listbox" aria-labelledby="filter-label-ProduktmÃ¤rkningar" id="downshift-9-toggle-button" role="combobox" tabindex="0" aria-pressed="false" aria-label="ProduktmÃ¤rkningar" class="base-button__BaseButton-sc-1gkygj5-0 iQNlQg"><span class="dropdown-button__Content-sc-vqdl7b-0 iuInXR"><span class="dropdown-button__ContentText-sc-vqdl7b-1 bEcEvg">ProduktmÃ¤rkningar</span><span class="icon__StyledIcon-sc-1055srg-0 kyiaJz icon__StyledWrappedIcon-sc-1055srg-1 dropdown-button__ChevronIcon-sc-vqdl7b-3 kaFbmS eVhvzv" data-test="icon__arrow_down"><svg><use href="#svg-arrow_down"></use></svg></span></span></button></div></div></div></div><div class="visible__StyledVisible-sc-1wz1hmv-0 xufNQ"><div data-test="navigable-content-header" class="sc-jrQzUz GoDmz"><h2 class="heading__Base-sc-1vuwqc7-0-h2 eXrrOT"><span>Kategorier</span></h2></div><div class="spacing__Spacing-sc-ngu0v9-0 dLJtJv"><ul class="list__StyledList-sc-bv01u5-1 dSfiQt"><li class="list__ListItem-sc-bv01u5-0 dIXmyB"><a href="https://handlaprivatkund.ica.se/stores/1015001/categories/Glass-Godis-Snacks/Choklad/Chokladkakor/aad88889-8db4-4396-a26f-db569038a3c4?sortBy=favorite" data-test="root-category-link" class="link__Link-sc-14ymsi2-0 dSyqLR">Chokladkakor</a></li><li class="list__ListItem-sc-bv01u5-0 dIXmyB"><a href="https://handlaprivatkund.ica.se/stores/1015001/categories/Glass-Godis-Snacks/Choklad/Chokladp%C3%A5sar/b4e37ba8-39c5-43cb-ae87-f23719d3d681?sortBy=favorite" data-test="root-category-link" class="link__Link-sc-14ymsi2-0 dSyqLR">ChokladpÃ¥sar</a></li><li class="list__ListItem-sc-bv01u5-0 dIXmyB"><a href="https://handlaprivatkund.ica.se/stores/1015001/categories/Glass-Godis-Snacks/Choklad/Chokladstycksaker/2a3805a6-8a2e-4879-8192-afb4b457a1a8?sortBy=favorite" data-test="root-category-link" class="link__Link-sc-14ymsi2-0 dSyqLR">Chokladstycksaker</a></li><li class="list__ListItem-sc-bv01u5-0 dIXmyB"><a href="https://handlaprivatkund.ica.se/stores/1015001/categories/Glass-Godis-Snacks/Choklad/Praliner-presentaskar/1e238aa7-e342-4d59-b5e2-757ca9cf9c9a?sortBy=favorite" data-test="root-category-link" class="link__Link-sc-14ymsi2-0 dSyqLR">Praliner &amp; presentaskar</a></li><li class="list__ListItem-sc-bv01u5-0 dIXmyB"><a href="https://handlaprivatkund.ica.se/stores/1015001/categories/Glass-Godis-Snacks/Choklad/Vegansk-choklad/871150b4-9bdc-46bc-afa8-5cc21e4ad43a?sortBy=favorite" data-test="root-category-link" class="link__Link-sc-14ymsi2-0 dSyqLR">Vegansk choklad</a></li></ul></div></div></div><div class="Col-sc-1ia5hrt-0 ijpbiH"><div class="spacing__Spacing-sc-ngu0v9-0 emlNvT"><h2 class="sc-kLwgWK cVVPgF"><span>Lista Ã¶ver produkter</span></h2><div data-synthetics="product-list" class="layout__Container-sc-nb1ebc-0 NDIcW"><div class="base__Wrapper-sc-1mnb0pd-6 base__FixedHeightWrapper-sc-1mnb0pd-41 fop__FixedHeightWrapper-sc-sgv9y1-0 gMlFiL gNSCsF viewports-enabled-standard-fop__ViewportsEnabledFop-sc-zsokr2-0 eLImeH offer-loyalty reg-price" data-visibility-id="b1ff9504-50d9-4f65-b93b-10185d69e602"><div class="base__Wrapper-sc-1mnb0pd-6 base__FixedHeightWrapper-sc-1mnb0pd-41 base__FixedHeightSkeleton-sc-1mnb0pd-42 fop__FixedHeightSkeleton-sc-sgv9y1-1 gMlFiL jqVEqi cxAJYR reg-price"></div></div><div class="base__Wrapper-sc-1mnb0pd-6 base__FixedHeightWrapper-sc-1mnb0pd-41 fop__FixedHeightWrapper-sc-sgv9y1-0 gMlFiL jNtybn viewports-enabled-standard-fop__ViewportsEnabledFop-sc-zsokr2-0 eLImeH offer-loyalty reg-price" data-visibility-id="c75de3ca-4feb-4d1a-b150-d9d791f9454d"><div class="base__Wrapper-sc-1mnb0pd-6 base__FixedHeightWrapper-sc-1mnb0pd-41 base__FixedHeightSkeleton-sc-1mnb0pd-42 fop__FixedHeightSkeleton-sc-sgv9y1-1 gMlFiL jqVEqi jSMxJV reg-price"></div></div><div class="base__Wrapper-sc-1mnb0pd-6 base__FixedHeightWrapper-sc-1mnb0pd-41 fop__FixedHeightWrapper-sc-sgv9y1-0 gMlFiL jNtybn viewports-enabled-standard-fop__ViewportsEnabledFop-sc-zsokr2-0 eLImeH offer-loyalty reg-price" data-visibility-id="b4f91429-54bf-4846-bc9e-7d955b19b310"><div class="base__Wrapper-sc-1mnb0pd-6 base__FixedHeightWrapper-sc-1mnb0pd-41 base__FixedHeightSkeleton-sc-1mnb0pd-42 fop__FixedHeightSkeleton-sc-sgv9y1-1 gMlFiL jqVEqi jSMxJV reg-price"></div></div><div class="base__Wrapper-sc-1mnb0pd-6 base__FixedHeightWrapper-sc-1mnb0pd-41 fop__FixedHeightWrapper-sc-sgv9y1-0 gMlFiL jNtybn viewports-enabled-standard-fop__ViewportsEnabledFop-sc-zsokr2-0 eLImeH offer-loyalty reg-price" data-visibility-id="542dc3f9-0f46-4719-914b-11dbf7edbf87"><div class="base__Wrapper-sc-1mnb0pd-6 base__FixedHeightWrapper-sc-1mnb0pd-41 base__FixedHeightSkeleton-sc-1mnb0pd-42 fop__FixedHeightSkeleton-sc-sgv9y1-1 gMlFiL jqVEqi jSMxJV reg-price"></div></div><div class="base__Wrapper-sc-1mnb0pd-6 base__FixedHeightWrapper-sc-1mnb0pd-41 fop__FixedHeightWrapper-sc-sgv9y1-0 gMlFiL jNtybn viewports-enabled-standard-fop__ViewportsEnabledFop-sc-zsokr2-0 eLImeH offer-loyalty reg-price" data-visibility-id="2beded28-a858-4a5e-a7ab-520356fa639d"><div class="base__Wrapper-sc-1mnb0pd-6 base__FixedHeightWrapper-sc-1mnb0pd-41 base__FixedHeightSkeleton-sc-1mnb0pd-42 fop__FixedHeightSkeleton-sc-sgv9y1-1 gMlFiL jqVEqi jSMxJV reg-price"></div></div><div class="base__Wrapper-sc-1mnb0pd-6 base__FixedHeightWrapper-sc-1mnb0pd-41 fop__FixedHeightWrapper-sc-sgv9y1-0 gMlFiL jNtybn viewports-enabled-standard-fop__ViewportsEnabledFop-sc-zsokr2-0 eLImeH offer-loyalty reg-price" data-visibility-id="ef1c2c59-3fcb-4beb-9478-598e394472e7"><div class="base__Wrapper-sc-1mnb0pd-6 base__FixedHeightWrapper-sc-1mnb0pd-41 base__FixedHeightSkeleton-sc-1mnb0pd-42 fop__FixedHeightSkeleton-sc-sgv9y1-1 gMlFiL jqVEqi jSMxJV reg-price"></div></div><div class="base__Wrapper-sc-1mnb0pd-6 base__FixedHeightWrapper-sc-1mnb0pd-41 fop__FixedHeightWrapper-sc-sgv9y1-0 gMlFiL jNtybn viewports-enabled-standard-fop__ViewportsEnabledFop-sc-zsokr2-0 eLImeH offer-loyalty reg-price" data-visibility-id="f4442de4-e143-4f43-bfda-45c4c7090842"><div class="base__Wrapper-sc-1mnb0pd-6 base__FixedHeightWrapper-sc-1mnb0pd-41 base__FixedHeightSkeleton-sc-1mnb0pd-42 fop__FixedHeightSkeleton-sc-sgv9y1-1 gMlFiL jqVEqi jSMxJV reg-price"></div></div><div class="base__Wrapper-sc-1mnb0pd-6 base__FixedHeightWrapper-sc-1mnb0pd-41 fop__FixedHeightWrapper-sc-sgv9y1-0 gMlFiL jNtybn viewports-enabled-standard-fop__ViewportsEnabledFop-sc-zsokr2-0 eLImeH offer-loyalty reg-price" data-visibility-id="2b34e865-d920-41b8-bb09-e1de5fefdb08"><div class="base__Wrapper-sc-1mnb0pd-6 base__FixedHeightWrapper-sc-1mnb0pd-41 base__FixedHeightSkeleton-sc-1mnb0pd-42 fop__FixedHeightSkeleton-sc-sgv9y1-1 gMlFiL jqVEqi jSMxJV reg-price"></div></div><div class="base__Wrapper-sc-1mnb0pd-6 base__FixedHeightWrapper-sc-1mnb0pd-41 fop__FixedHeightWrapper-sc-sgv9y1-0 gMlFiL jNtybn viewports-enabled-standard-fop__ViewportsEnabledFop-sc-zsokr2-0 eLImeH offer-loyalty reg-price" data-visibility-id="ac146ba5-0681-4f38-9476-2e641c7a7643"><div class="base__Wrapper-sc-1mnb0pd-6 base__FixedHeightWrapper-sc-1mnb0pd-41 base__FixedHeightSkeleton-sc-1mnb0pd-42 fop__FixedHeightSkeleton-sc-sgv9y1-1 gMlFiL jqVEqi jSMxJV reg-price"></div></div><div class="base__Wrapper-sc-1mnb0pd-6 base__FixedHeightWrapper-sc-1mnb0pd-41 fop__FixedHeightWrapper-sc-sgv9y1-0 gMlFiL jNtybn viewports-enabled-standard-fop__ViewportsEnabledFop-sc-zsokr2-0 eLImeH offer-loyalty reg-price" data-visibility-id="98041aab-90bf-4d9c-955d-4f6995c2121c"><div class="base__Wrapper-sc-1mnb0pd-6 base__FixedHeightWrapper-sc-1mnb0pd-41 base__FixedHeightSkeleton-sc-1mnb0pd-42 fop__FixedHeightSkeleton-sc-sgv9y1-1 gMlFiL jqVEqi jSMxJV reg-price"></div></div><div class="base__Wrapper-sc-1mnb0pd-6 base__FixedHeightWrapper-sc-1mnb0pd-41 fop__FixedHeightWrapper-sc-sgv9y1-0 gMlFiL jNtybn viewports-enabled-standard-fop__ViewportsEnabledFop-sc-zsokr2-0 eLImeH offer-loyalty reg-price" data-visibility-id="128a80c2-e57d-48f6-9482-a95c2e145df7"><div class="base__Wrapper-sc-1mnb0pd-6 base__FixedHeightWrapper-sc-1mnb0pd-41 base__FixedHeightSkeleton-sc-1mnb0pd-42 fop__FixedHeightSkeleton-sc-sgv9y1-1 gMlFiL jqVEqi jSMxJV reg-price"></div></div><div class="base__Wrapper-sc-1mnb0pd-6 base__FixedHeightWrapper-sc-1mnb0pd-41 fop__FixedHeightWrapper-sc-sgv9y1-0 gMlFiL jNtybn viewports-enabled-standard-fop__ViewportsEnabledFop-sc-zsokr2-0 eLImeH offer-loyalty reg-price" data-visibility-id="d05e1e70-ae8c-4fc8-bf25-d6c704402070"><div class="base__Wrapper-sc-1mnb0pd-6 base__FixedHeightWrapper-sc-1mnb0pd-41 base__FixedHeightSkeleton-sc-1mnb0pd-42 fop__FixedHeightSkeleton-sc-sgv9y1-1 gMlFiL jqVEqi jSMxJV reg-price"></div></div><div class="base__Wrapper-sc-1mnb0pd-6 base__FixedHeightWrapper-sc-1mnb0pd-41 fop__FixedHeightWrapper-sc-sgv9y1-0 gMlFiL jNtybn viewports-enabled-standard-fop__ViewportsEnabledFop-sc-zsokr2-0 eLImeH offer-multi reg-price" data-visibility-id="9f162a80-fda6-4994-8035-703a80cb33c8"><div class="base__Wrapper-sc-1mnb0pd-6 base__FixedHeightWrapper-sc-1mnb0pd-41 base__FixedHeightSkeleton-sc-1mnb0pd-42 fop__FixedHeightSkeleton-sc-sgv9y1-1 gMlFiL jqVEqi jSMxJV reg-price"></div></div><div class="base__Wrapper-sc-1mnb0pd-6 base__FixedHeightWrapper-sc-1mnb0pd-41 fop__FixedHeightWrapper-sc-sgv9y1-0 gMlFiL jNtybn viewports-enabled-standard-fop__ViewportsEnabledFop-sc-zsokr2-0 eLImeH offer-loyalty reg-price" data-visibility-id="5aa155d1-c578-4fd4-b4e5-cbd80c13372f"><div class="base__Wrapper-sc-1mnb0pd-6 base__FixedHeightWrapper-sc-1mnb0pd-41 base__FixedHeightSkeleton-sc-1mnb0pd-42 fop__FixedHeightSkeleton-sc-sgv9y1-1 gMlFiL jqVEqi jSMxJV reg-price"></div></div><div class="base__Wrapper-sc-1mnb0pd-6 base__FixedHeightWrapper-sc-1mnb0pd-41 fop__FixedHeightWrapper-sc-sgv9y1-0 gMlFiL jNtybn viewports-enabled-standard-fop__ViewportsEnabledFop-sc-zsokr2-0 eLImeH offer-single reg-price" data-visibility-id="b7f55221-7579-4cc3-8e3e-bd967d5a0f34"><div class="base__Wrapper-sc-1mnb0pd-6 base__FixedHeightWrapper-sc-1mnb0pd-41 base__FixedHeightSkeleton-sc-1mnb0pd-42 fop__FixedHeightSkeleton-sc-sgv9y1-1 gMlFiL jqVEqi jSMxJV reg-price"></div></div><div class="base__Wrapper-sc-1mnb0pd-6 base__FixedHeightWrapper-sc-1mnb0pd-41 fop__FixedHeightWrapper-sc-sgv9y1-0 gMlFiL jNtybn viewports-enabled-standard-fop__ViewportsEnabledFop-sc-zsokr2-0 eLImeH offer-loyalty reg-price" data-visibility-id="532a14d4-84c3-4685-8dab-678d7daa147d"><div class="base__Wrapper-sc-1mnb0pd-6 base__FixedHeightWrapper-sc-1mnb0pd-41 base__FixedHeightSkeleton-sc-1mnb0pd-42 fop__FixedHeightSkeleton-sc-sgv9y1-1 gMlFiL jqVEqi jSMxJV reg-price"></div></div><div class="base__Wrapper-sc-1mnb0pd-6 base__FixedHeightWrapper-sc-1mnb0pd-41 fop__FixedHeightWrapper-sc-sgv9y1-0 gMlFiL jNtybn viewports-enabled-standard-fop__ViewportsEnabledFop-sc-zsokr2-0 eLImeH offer-loyalty reg-price" data-visibility-id="37af592f-f45d-4211-a871-b28c016a454e"><div class="base__Wrapper-sc-1mnb0pd-6 base__FixedHeightWrapper-sc-1mnb0pd-41 base__FixedHeightSkeleton-sc-1mnb0pd-42 fop__FixedHeightSkeleton-sc-sgv9y1-1 gMlFiL jqVEqi jSMxJV reg-price"></div></div><div class="base__Wrapper-sc-1mnb0pd-6 base__FixedHeightWrapper-sc-1mnb0pd-41 fop__FixedHeightWrapper-sc-sgv9y1-0 gMlFiL jNtybn viewports-enabled-standard-fop__ViewportsEnabledFop-sc-zsokr2-0 eLImeH offer-loyalty reg-price" data-visibility-id="49c3451e-2c0b-4da8-a0e0-8c3d72b48931"><div class="base__Wrapper-sc-1mnb0pd-6 base__FixedHeightWrapper-sc-1mnb0pd-41 base__FixedHeightSkeleton-sc-1mnb0pd-42 fop__FixedHeightSkeleton-sc-sgv9y1-1 gMlFiL jqVEqi jSMxJV reg-price"></div></div><div class="base__Wrapper-sc-1mnb0pd-6 base__FixedHeightWrapper-sc-1mnb0pd-41 fop__FixedHeightWrapper-sc-sgv9y1-0 gMlFiL jNtybn viewports-enabled-standard-fop__ViewportsEnabledFop-sc-zsokr2-0 eLImeH offer-loyalty reg-price" data-visibility-id="7be90680-a02f-4b99-a197-5aad58368203"><div class="base__Wrapper-sc-1mnb0pd-6 base__FixedHeightWrapper-sc-1mnb0pd-41 base__FixedHeightSkeleton-sc-1mnb0pd-42 fop__FixedHeightSkeleton-sc-sgv9y1-1 gMlFiL jqVEqi jSMxJV reg-price"></div></div><div class="base__Wrapper-sc-1mnb0pd-6 base__FixedHeightWrapper-sc-1mnb0pd-41 fop__FixedHeightWrapper-sc-sgv9y1-0 gMlFiL jNtybn viewports-enabled-standard-fop__ViewportsEnabledFop-sc-zsokr2-0 eLImeH offer-loyalty reg-price" data-visibility-id="0630f86f-bcac-4573-a43c-aaa13d479813"><div class="base__Wrapper-sc-1mnb0pd-6 base__FixedHeightWrapper-sc-1mnb0pd-41 base__FixedHeightSkeleton-sc-1mnb0pd-42 fop__FixedHeightSkeleton-sc-sgv9y1-1 gMlFiL jqVEqi jSMxJV reg-price"></div></div><div class="base__Wrapper-sc-1mnb0pd-6 base__FixedHeightWrapper-sc-1mnb0pd-41 fop__FixedHeightWrapper-sc-sgv9y1-0 gMlFiL jNtybn viewports-enabled-standard-fop__ViewportsEnabledFop-sc-zsokr2-0 eLImeH offer-multi reg-price" data-visibility-id="36366e7a-f4b1-4d3e-b4f7-b01fa2907df9"><div class="base__Wrapper-sc-1mnb0pd-6 base__FixedHeightWrapper-sc-1mnb0pd-41 base__FixedHeightSkeleton-sc-1mnb0pd-42 fop__FixedHeightSkeleton-sc-sgv9y1-1 gMlFiL jqVEqi jSMxJV reg-price"></div></div><div class="base__Wrapper-sc-1mnb0pd-6 base__FixedHeightWrapper-sc-1mnb0pd-41 fop__FixedHeightWrapper-sc-sgv9y1-0 gMlFiL jNtybn viewports-enabled-standard-fop__ViewportsEnabledFop-sc-zsokr2-0 eLImeH offer-multi reg-price" data-visibility-id="4e5385b1-a3ba-47cf-b77f-f3f959a5b1e6"><div class="base__Wrapper-sc-1mnb0pd-6 base__FixedHeightWrapper-sc-1mnb0pd-41 base__FixedHeightSkeleton-sc-1mnb0pd-42 fop__FixedHeightSkeleton-sc-sgv9y1-1 gMlFiL jqVEqi jSMxJV reg-price"></div></div><div class="base__Wrapper-sc-1mnb0pd-6 base__FixedHeightWrapper-sc-1mnb0pd-41 fop__FixedHeightWrapper-sc-sgv9y1-0 gMlFiL jNtybn viewports-enabled-standard-fop__ViewportsEnabledFop-sc-zsokr2-0 eLImeH offer-multi reg-price" data-visibility-id="2284e86d-e4d2-4b5e-bd92-92322554c835"><div class="base__Wrapper-sc-1mnb0pd-6 base__FixedHeightWrapper-sc-1mnb0pd-41 base__FixedHeightSkeleton-sc-1mnb0pd-42 fop__FixedHeightSkeleton-sc-sgv9y1-1 gMlFiL jqVEqi jSMxJV reg-price"></div></div><div class="base__Wrapper-sc-1mnb0pd-6 base__FixedHeightWrapper-sc-1mnb0pd-41 fop__FixedHeightWrapper-sc-sgv9y1-0 gMlFiL jNtybn viewports-enabled-standard-fop__ViewportsEnabledFop-sc-zsokr2-0 eLImeH offer-multi reg-price" data-visibility-id="f671f192-12d4-4c7f-ace1-2abd78d80d76"><div class="base__Wrapper-sc-1mnb0pd-6 base__FixedHeightWrapper-sc-1mnb0pd-41 base__FixedHeightSkeleton-sc-1mnb0pd-42 fop__FixedHeightSkeleton-sc-sgv9y1-1 gMlFiL jqVEqi jSMxJV reg-price"></div></div><div class="base__Wrapper-sc-1mnb0pd-6 base__FixedHeightWrapper-sc-1mnb0pd-41 fop__FixedHeightWrapper-sc-sgv9y1-0 gMlFiL jNtybn viewports-enabled-standard-fop__ViewportsEnabledFop-sc-zsokr2-0 eLImeH offer-multi reg-price" data-visibility-id="c01b83eb-b6b9-4ddb-92f5-b53732930f79"><div class="base__Wrapper-sc-1mnb0pd-6 base__FixedHeightWrapper-sc-1mnb0pd-41 base__FixedHeightSkeleton-sc-1mnb0pd-42 fop__FixedHeightSkeleton-sc-sgv9y1-1 gMlFiL jqVEqi jSMxJV reg-price"></div></div><div class="base__Wrapper-sc-1mnb0pd-6 base__FixedHeightWrapper-sc-1mnb0pd-41 fop__FixedHeightWrapper-sc-sgv9y1-0 gMlFiL jNtybn viewports-enabled-standard-fop__ViewportsEnabledFop-sc-zsokr2-0 eLImeH offer-multi reg-price" data-visibility-id="df2d2ed4-4e94-4ac1-8f25-616768b6d7dc"><div class="base__Wrapper-sc-1mnb0pd-6 base__FixedHeightWrapper-sc-1mnb0pd-41 base__FixedHeightSkeleton-sc-1mnb0pd-42 fop__FixedHeightSkeleton-sc-sgv9y1-1 gMlFiL jqVEqi jSMxJV reg-price"></div></div><div class="base__Wrapper-sc-1mnb0pd-6 base__FixedHeightWrapper-sc-1mnb0pd-41 fop__FixedHeightWrapper-sc-sgv9y1-0 gMlFiL jNtybn viewports-enabled-standard-fop__ViewportsEnabledFop-sc-zsokr2-0 eLImeH offer-multi reg-price" data-visibility-id="6a94bf27-dd0f-4e5e-a690-15ccb80c9684"><div class="base__Wrapper-sc-1mnb0pd-6 base__FixedHeightWrapper-sc-1mnb0pd-41 base__FixedHeightSkeleton-sc-1mnb0pd-42 fop__FixedHeightSkeleton-sc-sgv9y1-1 gMlFiL jqVEqi jSMxJV reg-price"></div></div><div class="base__Wrapper-sc-1mnb0pd-6 base__FixedHeightWrapper-sc-1mnb0pd-41 fop__FixedHeightWrapper-sc-sgv9y1-0 gMlFiL jNtybn viewports-enabled-standard-fop__ViewportsEnabledFop-sc-zsokr2-0 eLImeH offer-multi reg-price" data-visibility-id="761084bf-3c54-46d0-b9db-b0dea0788304"><div class="base__Wrapper-sc-1mnb0pd-6 base__FixedHeightWrapper-sc-1mnb0pd-41 base__FixedHeightSkeleton-sc-1mnb0pd-42 fop__FixedHeightSkeleton-sc-sgv9y1-1 gMlFiL jqVEqi jSMxJV reg-price"></div></div><div class="base__Wrapper-sc-1mnb0pd-6 base__FixedHeightWrapper-sc-1mnb0pd-41 fop__FixedHeightWrapper-sc-sgv9y1-0 gMlFiL jNtybn viewports-enabled-standard-fop__ViewportsEnabledFop-sc-zsokr2-0 eLImeH offer-multi reg-price" data-visibility-id="206690db-10be-49ca-bc3e-ffc0029859a5"><div class="base__Wrapper-sc-1mnb0pd-6 base__FixedHeightWrapper-sc-1mnb0pd-41 base__FixedHeightSkeleton-sc-1mnb0pd-42 fop__FixedHeightSkeleton-sc-sgv9y1-1 gMlFiL jqVEqi jSMxJV reg-price"></div></div><div class="base__Wrapper-sc-1mnb0pd-6 base__FixedHeightWrapper-sc-1mnb0pd-41 fop__FixedHeightWrapper-sc-sgv9y1-0 gMlFiL jNtybn viewports-enabled-standard-fop__ViewportsEnabledFop-sc-zsokr2-0 eLImeH offer-multi reg-price" data-visibility-id="bbe2c18e-1d56-46f4-afb1-46b1721e3aff"><div class="base__Wrapper-sc-1mnb0pd-6 base__FixedHeightWrapper-sc-1mnb0pd-41 base__FixedHeightSkeleton-sc-1mnb0pd-42 fop__FixedHeightSkeleton-sc-sgv9y1-1 gMlFiL jqVEqi jSMxJV reg-price"></div></div><div class="base__Wrapper-sc-1mnb0pd-6 base__FixedHeightWrapper-sc-1mnb0pd-41 fop__FixedHeightWrapper-sc-sgv9y1-0 gMlFiL gNSCsF viewports-enabled-standard-fop__ViewportsEnabledFop-sc-zsokr2-0 eLImeH reg-price" data-visibility-id="54d8d523-7201-4789-a0b4-85d869ba530e"><div class="base__Wrapper-sc-1mnb0pd-6 base__FixedHeightWrapper-sc-1mnb0pd-41 base__FixedHeightSkeleton-sc-1mnb0pd-42 fop__FixedHeightSkeleton-sc-sgv9y1-1 gMlFiL jqVEqi cxAJYR reg-price"></div></div><div class="base__Wrapper-sc-1mnb0pd-6 base__FixedHeightWrapper-sc-1mnb0pd-41 fop__FixedHeightWrapper-sc-sgv9y1-0 gMlFiL jNtybn viewports-enabled-standard-fop__ViewportsEnabledFop-sc-zsokr2-0 eLImeH reg-price" data-visibility-id="c3f5553c-d4d5-46a1-a252-662a2af2bf1b"><div class="base__Wrapper-sc-1mnb0pd-6 base__FixedHeightWrapper-sc-1mnb0pd-41 base__FixedHeightSkeleton-sc-1mnb0pd-42 fop__FixedHeightSkeleton-sc-sgv9y1-1 gMlFiL jqVEqi jSMxJV reg-price"></div></div><div class="base__Wrapper-sc-1mnb0pd-6 base__FixedHeightWrapper-sc-1mnb0pd-41 fop__FixedHeightWrapper-sc-sgv9y1-0 gMlFiL jNtybn viewports-enabled-standard-fop__ViewportsEnabledFop-sc-zsokr2-0 eLImeH reg-price" data-visibility-id="f8afaa0b-5006-4598-86de-84ebafda3429"><div class="base__Wrapper-sc-1mnb0pd-6 base__FixedHeightWrapper-sc-1mnb0pd-41 base__FixedHeightSkeleton-sc-1mnb0pd-42 fop__FixedHeightSkeleton-sc-sgv9y1-1 gMlFiL jqVEqi jSMxJV reg-price"></div></div><div class="base__Wrapper-sc-1mnb0pd-6 base__FixedHeightWrapper-sc-1mnb0pd-41 fop__FixedHeightWrapper-sc-sgv9y1-0 gMlFiL jNtybn viewports-enabled-standard-fop__ViewportsEnabledFop-sc-zsokr2-0 eLImeH reg-price" data-visibility-id="63254719-6a30-4efd-83bd-8c6c4ec00b2b"><div class="base__Wrapper-sc-1mnb0pd-6 base__FixedHeightWrapper-sc-1mnb0pd-41 base__FixedHeightSkeleton-sc-1mnb0pd-42 fop__FixedHeightSkeleton-sc-sgv9y1-1 gMlFiL jqVEqi jSMxJV reg-price"></div></div><div class="base__Wrapper-sc-1mnb0pd-6 base__FixedHeightWrapper-sc-1mnb0pd-41 fop__FixedHeightWrapper-sc-sgv9y1-0 gMlFiL jNtybn viewports-enabled-standard-fop__ViewportsEnabledFop-sc-zsokr2-0 eLImeH reg-price" data-visibility-id="6e4bbcd7-f5d8-4a94-a35c-4750387a0380"><div class="base__Wrapper-sc-1mnb0pd-6 base__FixedHeightWrapper-sc-1mnb0pd-41 base__FixedHeightSkeleton-sc-1mnb0pd-42 fop__FixedHeightSkeleton-sc-sgv9y1-1 gMlFiL jqVEqi jSMxJV reg-price"></div></div><div class="base__Wrapper-sc-1mnb0pd-6 base__FixedHeightWrapper-sc-1mnb0pd-41 fop__FixedHeightWrapper-sc-sgv9y1-0 gMlFiL jNtybn viewports-enabled-standard-fop__ViewportsEnabledFop-sc-zsokr2-0 eLImeH reg-price" data-visibility-id="65854677-3121-4fda-ade7-4000545bbed0"><div class="base__Wrapper-sc-1mnb0pd-6 base__FixedHeightWrapper-sc-1mnb0pd-41 base__FixedHeightSkeleton-sc-1mnb0pd-42 fop__FixedHeightSkeleton-sc-sgv9y1-1 gMlFiL jqVEqi jSMxJV reg-price"></div></div><div class="base__Wrapper-sc-1mnb0pd-6 base__FixedHeightWrapper-sc-1mnb0pd-41 fop__FixedHeightWrapper-sc-sgv9y1-0 gMlFiL jNtybn viewports-enabled-standard-fop__ViewportsEnabledFop-sc-zsokr2-0 eLImeH reg-price" data-visibility-id="abfe6cb1-9392-409b-8e8e-b2ac93ea82b7"><div class="base__Wrapper-sc-1mnb0pd-6 base__FixedHeightWrapper-sc-1mnb0pd-41 base__FixedHeightSkeleton-sc-1mnb0pd-42 fop__FixedHeightSkeleton-sc-sgv9y1-1 gMlFiL jqVEqi jSMxJV reg-price"></div></div><div class="base__Wrapper-sc-1mnb0pd-6 base__FixedHeightWrapper-sc-1mnb0pd-41 fop__FixedHeightWrapper-sc-sgv9y1-0 gMlFiL jNtybn viewports-enabled-standard-fop__ViewportsEnabledFop-sc-zsokr2-0 eLImeH reg-price" data-visibility-id="7550aba4-b1d8-447c-8567-66cf2afcb070"><div class="base__Wrapper-sc-1mnb0pd-6 base__FixedHeightWrapper-sc-1mnb0pd-41 base__FixedHeightSkeleton-sc-1mnb0pd-42 fop__FixedHeightSkeleton-sc-sgv9y1-1 gMlFiL jqVEqi jSMxJV reg-price"></div></div><div class="base__Wrapper-sc-1mnb0pd-6 base__FixedHeightWrapper-sc-1mnb0pd-41 fop__FixedHeightWrapper-sc-sgv9y1-0 gMlFiL jNtybn viewports-enabled-standard-fop__ViewportsEnabledFop-sc-zsokr2-0 eLImeH reg-price" data-visibility-id="26ed111f-645a-49fd-8398-4549cfc0b947"><div class="base__Wrapper-sc-1mnb0pd-6 base__FixedHeightWrapper-sc-1mnb0pd-41 base__FixedHeightSkeleton-sc-1mnb0pd-42 fop__FixedHeightSkeleton-sc-sgv9y1-1 gMlFiL jqVEqi jSMxJV reg-price"></div></div><div class="base__Wrapper-sc-1mnb0pd-6 base__FixedHeightWrapper-sc-1mnb0pd-41 fop__FixedHeightWrapper-sc-sgv9y1-0 gMlFiL jNtybn viewports-enabled-standard-fop__ViewportsEnabledFop-sc-zsokr2-0 eLImeH reg-price" data-visibility-id="caa99a13-aa5c-42e0-b541-7ad0dd5f0a25"><div class="base__Wrapper-sc-1mnb0pd-6 base__FixedHeightWrapper-sc-1mnb0pd-41 base__FixedHeightSkeleton-sc-1mnb0pd-42 fop__FixedHeightSkeleton-sc-sgv9y1-1 gMlFiL jqVEqi jSMxJV reg-price"></div></div><div class="base__Wrapper-sc-1mnb0pd-6 base__FixedHeightWrapper-sc-1mnb0pd-41 fop__FixedHeightWrapper-sc-sgv9y1-0 gMlFiL jNtybn viewports-enabled-standard-fop__ViewportsEnabledFop-sc-zsokr2-0 eLImeH reg-price" data-visibility-id="167adda7-120e-498a-b71f-3e6ecb686eb8"><div class="base__Wrapper-sc-1mnb0pd-6 base__FixedHeightWrapper-sc-1mnb0pd-41 base__FixedHeightSkeleton-sc-1mnb0pd-42 fop__FixedHeightSkeleton-sc-sgv9y1-1 gMlFiL jqVEqi jSMxJV reg-price"></div></div><div class="base__Wrapper-sc-1mnb0pd-6 base__FixedHeightWrapper-sc-1mnb0pd-41 fop__FixedHeightWrapper-sc-sgv9y1-0 gMlFiL jNtybn viewports-enabled-standard-fop__ViewportsEnabledFop-sc-zsokr2-0 eLImeH reg-price" data-visibility-id="818b9192-bf68-46d7-b43c-f32662b83ce3"><div class="base__Wrapper-sc-1mnb0pd-6 base__FixedHeightWrapper-sc-1mnb0pd-41 base__FixedHeightSkeleton-sc-1mnb0pd-42 fop__FixedHeightSkeleton-sc-sgv9y1-1 gMlFiL jqVEqi jSMxJV reg-price"></div></div><div class="base__Wrapper-sc-1mnb0pd-6 base__FixedHeightWrapper-sc-1mnb0pd-41 fop__FixedHeightWrapper-sc-sgv9y1-0 gMlFiL jNtybn viewports-enabled-standard-fop__ViewportsEnabledFop-sc-zsokr2-0 eLImeH reg-price" data-visibility-id="7181f04d-5b11-4cc9-a3f3-3fda037823dc"><div class="base__Wrapper-sc-1mnb0pd-6 base__FixedHeightWrapper-sc-1mnb0pd-41 base__FixedHeightSkeleton-sc-1mnb0pd-42 fop__FixedHeightSkeleton-sc-sgv9y1-1 gMlFiL jqVEqi jSMxJV reg-price"></div></div><div class="base__Wrapper-sc-1mnb0pd-6 base__FixedHeightWrapper-sc-1mnb0pd-41 fop__FixedHeightWrapper-sc-sgv9y1-0 gMlFiL jNtybn viewports-enabled-standard-fop__ViewportsEnabledFop-sc-zsokr2-0 eLImeH reg-price" data-visibility-id="841eaa14-ff93-46e1-8866-3510f8b15184"><div class="base__Wrapper-sc-1mnb0pd-6 base__FixedHeightWrapper-sc-1mnb0pd-41 base__FixedHeightSkeleton-sc-1mnb0pd-42 fop__FixedHeightSkeleton-sc-sgv9y1-1 gMlFiL jqVEqi jSMxJV reg-price"></div></div><div class="base__Wrapper-sc-1mnb0pd-6 base__FixedHeightWrapper-sc-1mnb0pd-41 fop__FixedHeightWrapper-sc-sgv9y1-0 gMlFiL jNtybn viewports-enabled-standard-fop__ViewportsEnabledFop-sc-zsokr2-0 eLImeH reg-price" data-visibility-id="c3e50abb-b612-4361-838c-024baf7a41a1"><div class="base__Wrapper-sc-1mnb0pd-6 base__FixedHeightWrapper-sc-1mnb0pd-41 base__FixedHeightSkeleton-sc-1mnb0pd-42 fop__FixedHeightSkeleton-sc-sgv9y1-1 gMlFiL jqVEqi jSMxJV reg-price"></div></div><div class="base__Wrapper-sc-1mnb0pd-6 base__FixedHeightWrapper-sc-1mnb0pd-41 fop__FixedHeightWrapper-sc-sgv9y1-0 gMlFiL jNtybn viewports-enabled-standard-fop__ViewportsEnabledFop-sc-zsokr2-0 eLImeH reg-price" data-visibility-id="e6a6f52e-58fe-485c-a873-1ad9dc85be12"><div class="base__Wrapper-sc-1mnb0pd-6 base__FixedHeightWrapper-sc-1mnb0pd-41 base__FixedHeightSkeleton-sc-1mnb0pd-42 fop__FixedHeightSkeleton-sc-sgv9y1-1 gMlFiL jqVEqi jSMxJV reg-price"></div></div><div class="base__Wrapper-sc-1mnb0pd-6 base__FixedHeightWrapper-sc-1mnb0pd-41 fop__FixedHeightWrapper-sc-sgv9y1-0 gMlFiL jNtybn viewports-enabled-standard-fop__ViewportsEnabledFop-sc-zsokr2-0 eLImeH reg-price" data-visibility-id="ad64d38b-cf34-4afc-a289-15291153f450"><div class="base__Wrapper-sc-1mnb0pd-6 base__FixedHeightWrapper-sc-1mnb0pd-41 base__FixedHeightSkeleton-sc-1mnb0pd-42 fop__FixedHeightSkeleton-sc-sgv9y1-1 gMlFiL jqVEqi jSMxJV reg-price"></div></div><div class="base__Wrapper-sc-1mnb0pd-6 base__FixedHeightWrapper-sc-1mnb0pd-41 fop__FixedHeightWrapper-sc-sgv9y1-0 gMlFiL jNtybn viewports-enabled-standard-fop__ViewportsEnabledFop-sc-zsokr2-0 eLImeH reg-price" data-visibility-id="170f332e-bd34-4282-8435-1407ae03e83e"><div class="base__Wrapper-sc-1mnb0pd-6 base__FixedHeightWrapper-sc-1mnb0pd-41 base__FixedHeightSkeleton-sc-1mnb0pd-42 fop__FixedHeightSkeleton-sc-sgv9y1-1 gMlFiL jqVEqi jSMxJV reg-price"></div></div><div class="base__Wrapper-sc-1mnb0pd-6 base__FixedHeightWrapper-sc-1mnb0pd-41 fop__FixedHeightWrapper-sc-sgv9y1-0 gMlFiL jNtybn viewports-enabled-standard-fop__ViewportsEnabledFop-sc-zsokr2-0 eLImeH reg-price" data-visibility-id="11895325-19d1-4e37-bfcd-e9ddeea70037"><div class="base__Wrapper-sc-1mnb0pd-6 base__FixedHeightWrapper-sc-1mnb0pd-41 base__FixedHeightSkeleton-sc-1mnb0pd-42 fop__FixedHeightSkeleton-sc-sgv9y1-1 gMlFiL jqVEqi jSMxJV reg-price"></div></div><div class="base__Wrapper-sc-1mnb0pd-6 base__FixedHeightWrapper-sc-1mnb0pd-41 fop__FixedHeightWrapper-sc-sgv9y1-0 gMlFiL jNtybn viewports-enabled-standard-fop__ViewportsEnabledFop-sc-zsokr2-0 eLImeH reg-price" data-visibility-id="5d979743-bb75-4c09-a7bb-255f1a2b4a74"><div class="base__Wrapper-sc-1mnb0pd-6 base__FixedHeightWrapper-sc-1mnb0pd-41 base__FixedHeightSkeleton-sc-1mnb0pd-42 fop__FixedHeightSkeleton-sc-sgv9y1-1 gMlFiL jqVEqi jSMxJV reg-price"></div></div><div class="base__Wrapper-sc-1mnb0pd-6 base__FixedHeightWrapper-sc-1mnb0pd-41 fop__FixedHeightWrapper-sc-sgv9y1-0 gMlFiL jNtybn viewports-enabled-standard-fop__ViewportsEnabledFop-sc-zsokr2-0 eLImeH reg-price" data-visibility-id="a248598c-eaae-474f-a694-4926bf5d1ebc"><div class="base__Wrapper-sc-1mnb0pd-6 base__FixedHeightWrapper-sc-1mnb0pd-41 base__FixedHeightSkeleton-sc-1mnb0pd-42 fop__FixedHeightSkeleton-sc-sgv9y1-1 gMlFiL jqVEqi jSMxJV reg-price"></div></div><div class="base__Wrapper-sc-1mnb0pd-6 base__FixedHeightWrapper-sc-1mnb0pd-41 fop__FixedHeightWrapper-sc-sgv9y1-0 gMlFiL jNtybn viewports-enabled-standard-fop__ViewportsEnabledFop-sc-zsokr2-0 eLImeH reg-price" data-visibility-id="7125a292-3be7-44ca-be34-90b142c5633d"><div class="base__Wrapper-sc-1mnb0pd-6 base__FixedHeightWrapper-sc-1mnb0pd-41 base__FixedHeightSkeleton-sc-1mnb0pd-42 fop__FixedHeightSkeleton-sc-sgv9y1-1 gMlFiL jqVEqi jSMxJV reg-price"></div></div><div class="base__Wrapper-sc-1mnb0pd-6 base__FixedHeightWrapper-sc-1mnb0pd-41 fop__FixedHeightWrapper-sc-sgv9y1-0 gMlFiL jNtybn viewports-enabled-standard-fop__ViewportsEnabledFop-sc-zsokr2-0 eLImeH reg-price" data-visibility-id="9727c47b-7bd6-48f3-9cdd-136ed679f33c"><div class="base__Wrapper-sc-1mnb0pd-6 base__FixedHeightWrapper-sc-1mnb0pd-41 base__FixedHeightSkeleton-sc-1mnb0pd-42 fop__FixedHeightSkeleton-sc-sgv9y1-1 gMlFiL jqVEqi jSMxJV reg-price"></div></div><div class="base__Wrapper-sc-1mnb0pd-6 base__FixedHeightWrapper-sc-1mnb0pd-41 fop__FixedHeightWrapper-sc-sgv9y1-0 gMlFiL jNtybn viewports-enabled-standard-fop__ViewportsEnabledFop-sc-zsokr2-0 eLImeH reg-price" data-visibility-id="03eed534-9488-4910-a050-5db96c06b965"><div class="base__Wrapper-sc-1mnb0pd-6 base__FixedHeightWrapper-sc-1mnb0pd-41 base__FixedHeightSkeleton-sc-1mnb0pd-42 fop__FixedHeightSkeleton-sc-sgv9y1-1 gMlFiL jqVEqi jSMxJV reg-price"></div></div><div class="base__Wrapper-sc-1mnb0pd-6 base__FixedHeightWrapper-sc-1mnb0pd-41 fop__FixedHeightWrapper-sc-sgv9y1-0 gMlFiL jNtybn viewports-enabled-standard-fop__ViewportsEnabledFop-sc-zsokr2-0 eLImeH reg-price" data-visibility-id="60b45b3f-e833-4760-81c3-f783f2844ecc"><div class="base__Wrapper-sc-1mnb0pd-6 base__FixedHeightWrapper-sc-1mnb0pd-41 base__FixedHeightSkeleton-sc-1mnb0pd-42 fop__FixedHeightSkeleton-sc-sgv9y1-1 gMlFiL jqVEqi jSMxJV reg-price"></div></div><div class="base__Wrapper-sc-1mnb0pd-6 base__FixedHeightWrapper-sc-1mnb0pd-41 fop__FixedHeightWrapper-sc-sgv9y1-0 gMlFiL jNtybn viewports-enabled-standard-fop__ViewportsEnabledFop-sc-zsokr2-0 eLImeH reg-price" data-visibility-id="ba00ec77-4181-4de3-b3ff-d8999bcab9b1"><div class="base__Wrapper-sc-1mnb0pd-6 base__FixedHeightWrapper-sc-1mnb0pd-41 base__FixedHeightSkeleton-sc-1mnb0pd-42 fop__FixedHeightSkeleton-sc-sgv9y1-1 gMlFiL jqVEqi jSMxJV reg-price"></div></div><div class="base__Wrapper-sc-1mnb0pd-6 base__FixedHeightWrapper-sc-1mnb0pd-41 fop__FixedHeightWrapper-sc-sgv9y1-0 gMlFiL jNtybn viewports-enabled-standard-fop__ViewportsEnabledFop-sc-zsokr2-0 eLImeH reg-price" data-visibility-id="67c7e5c3-72d0-49f0-b001-35248a0576dd"><div class="base__Wrapper-sc-1mnb0pd-6 base__FixedHeightWrapper-sc-1mnb0pd-41 base__FixedHeightSkeleton-sc-1mnb0pd-42 fop__FixedHeightSkeleton-sc-sgv9y1-1 gMlFiL jqVEqi jSMxJV reg-price"></div></div><div class="base__Wrapper-sc-1mnb0pd-6 base__FixedHeightWrapper-sc-1mnb0pd-41 fop__FixedHeightWrapper-sc-sgv9y1-0 gMlFiL jNtybn viewports-enabled-standard-fop__ViewportsEnabledFop-sc-zsokr2-0 eLImeH reg-price" data-visibility-id="7c2d65fd-b813-4e4c-b1b6-f3b1c95d6a1c"><div class="base__Wrapper-sc-1mnb0pd-6 base__FixedHeightWrapper-sc-1mnb0pd-41 base__FixedHeightSkeleton-sc-1mnb0pd-42 fop__FixedHeightSkeleton-sc-sgv9y1-1 gMlFiL jqVEqi jSMxJV reg-price"></div></div><div class="base__Wrapper-sc-1mnb0pd-6 base__FixedHeightWrapper-sc-1mnb0pd-41 fop__FixedHeightWrapper-sc-sgv9y1-0 gMlFiL jNtybn viewports-enabled-standard-fop__ViewportsEnabledFop-sc-zsokr2-0 eLImeH reg-price" data-visibility-id="7254f046-244c-42d6-9020-0a7c48159a9e"><div class="base__Wrapper-sc-1mnb0pd-6 base__FixedHeightWrapper-sc-1mnb0pd-41 base__FixedHeightSkeleton-sc-1mnb0pd-42 fop__FixedHeightSkeleton-sc-sgv9y1-1 gMlFiL jqVEqi jSMxJV reg-price"></div></div><div class="base__Wrapper-sc-1mnb0pd-6 base__FixedHeightWrapper-sc-1mnb0pd-41 fop__FixedHeightWrapper-sc-sgv9y1-0 gMlFiL jNtybn viewports-enabled-standard-fop__ViewportsEnabledFop-sc-zsokr2-0 eLImeH reg-price" data-visibility-id="f6322ef0-f2ec-4052-97b4-8b780f198504"><div class="base__Wrapper-sc-1mnb0pd-6 base__FixedHeightWrapper-sc-1mnb0pd-41 base__FixedHeightSkeleton-sc-1mnb0pd-42 fop__FixedHeightSkeleton-sc-sgv9y1-1 gMlFiL jqVEqi jSMxJV reg-price"></div></div><div class="base__Wrapper-sc-1mnb0pd-6 base__FixedHeightWrapper-sc-1mnb0pd-41 fop__FixedHeightWrapper-sc-sgv9y1-0 gMlFiL jNtybn viewports-enabled-standard-fop__ViewportsEnabledFop-sc-zsokr2-0 eLImeH reg-price" data-visibility-id="dbebd327-8806-4bce-bd97-244cc4d7e00e"><div class="base__Wrapper-sc-1mnb0pd-6 base__FixedHeightWrapper-sc-1mnb0pd-41 base__FixedHeightSkeleton-sc-1mnb0pd-42 fop__FixedHeightSkeleton-sc-sgv9y1-1 gMlFiL jqVEqi jSMxJV reg-price"></div></div><div class="base__Wrapper-sc-1mnb0pd-6 base__FixedHeightWrapper-sc-1mnb0pd-41 fop__FixedHeightWrapper-sc-sgv9y1-0 gMlFiL jNtybn viewports-enabled-standard-fop__ViewportsEnabledFop-sc-zsokr2-0 eLImeH reg-price" data-visibility-id="28de1599-cb08-4ce6-993b-d3f1ad664b2e"><div class="base__Wrapper-sc-1mnb0pd-6 base__FixedHeightWrapper-sc-1mnb0pd-41 base__FixedHeightSkeleton-sc-1mnb0pd-42 fop__FixedHeightSkeleton-sc-sgv9y1-1 gMlFiL jqVEqi jSMxJV reg-price"></div></div><div class="base__Wrapper-sc-1mnb0pd-6 base__FixedHeightWrapper-sc-1mnb0pd-41 fop__FixedHeightWrapper-sc-sgv9y1-0 gMlFiL jNtybn viewports-enabled-standard-fop__ViewportsEnabledFop-sc-zsokr2-0 eLImeH reg-price" data-visibility-id="93daba97-8013-4864-aca9-8851648b26d0"><div class="base__Wrapper-sc-1mnb0pd-6 base__FixedHeightWrapper-sc-1mnb0pd-41 base__FixedHeightSkeleton-sc-1mnb0pd-42 fop__FixedHeightSkeleton-sc-sgv9y1-1 gMlFiL jqVEqi jSMxJV reg-price"></div></div><div class="base__Wrapper-sc-1mnb0pd-6 base__FixedHeightWrapper-sc-1mnb0pd-41 fop__FixedHeightWrapper-sc-sgv9y1-0 gMlFiL jNtybn viewports-enabled-standard-fop__ViewportsEnabledFop-sc-zsokr2-0 eLImeH reg-price" data-visibility-id="3ffe0b4d-d646-4d73-aa64-f1f1ffb5970b"><div class="base__Wrapper-sc-1mnb0pd-6 base__FixedHeightWrapper-sc-1mnb0pd-41 base__FixedHeightSkeleton-sc-1mnb0pd-42 fop__FixedHeightSkeleton-sc-sgv9y1-1 gMlFiL jqVEqi jSMxJV reg-price"></div></div><div class="base__Wrapper-sc-1mnb0pd-6 base__FixedHeightWrapper-sc-1mnb0pd-41 fop__FixedHeightWrapper-sc-sgv9y1-0 gMlFiL jNtybn viewports-enabled-standard-fop__ViewportsEnabledFop-sc-zsokr2-0 eLImeH reg-price" data-visibility-id="b432c59d-c26a-4af6-9eb6-323b4b209987"><div class="base__Wrapper-sc-1mnb0pd-6 base__FixedHeightWrapper-sc-1mnb0pd-41 base__FixedHeightSkeleton-sc-1mnb0pd-42 fop__FixedHeightSkeleton-sc-sgv9y1-1 gMlFiL jqVEqi jSMxJV reg-price"></div></div><div class="base__Wrapper-sc-1mnb0pd-6 base__FixedHeightWrapper-sc-1mnb0pd-41 fop__FixedHeightWrapper-sc-sgv9y1-0 gMlFiL jNtybn viewports-enabled-standard-fop__ViewportsEnabledFop-sc-zsokr2-0 eLImeH reg-price" data-visibility-id="1d4a926d-2f5b-4085-824f-02789d07216c"><div class="base__Wrapper-sc-1mnb0pd-6 base__FixedHeightWrapper-sc-1mnb0pd-41 base__FixedHeightSkeleton-sc-1mnb0pd-42 fop__FixedHeightSkeleton-sc-sgv9y1-1 gMlFiL jqVEqi jSMxJV reg-price"></div></div><div class="base__Wrapper-sc-1mnb0pd-6 base__FixedHeightWrapper-sc-1mnb0pd-41 fop__FixedHeightWrapper-sc-sgv9y1-0 gMlFiL jNtybn viewports-enabled-standard-fop__ViewportsEnabledFop-sc-zsokr2-0 eLImeH reg-price" data-visibility-id="82f1cffb-6d5d-49e8-83d3-72474b307fa0"><div class="base__Wrapper-sc-1mnb0pd-6 base__FixedHeightWrapper-sc-1mnb0pd-41 base__FixedHeightSkeleton-sc-1mnb0pd-42 fop__FixedHeightSkeleton-sc-sgv9y1-1 gMlFiL jqVEqi jSMxJV reg-price"></div></div><div class="base__Wrapper-sc-1mnb0pd-6 base__FixedHeightWrapper-sc-1mnb0pd-41 fop__FixedHeightWrapper-sc-sgv9y1-0 gMlFiL jNtybn viewports-enabled-standard-fop__ViewportsEnabledFop-sc-zsokr2-0 eLImeH reg-price" data-visibility-id="c424d7df-7b4f-45d8-9ebd-337828f33158"><div class="base__Wrapper-sc-1mnb0pd-6 base__FixedHeightWrapper-sc-1mnb0pd-41 base__FixedHeightSkeleton-sc-1mnb0pd-42 fop__FixedHeightSkeleton-sc-sgv9y1-1 gMlFiL jqVEqi jSMxJV reg-price"></div></div><div class="base__Wrapper-sc-1mnb0pd-6 base__FixedHeightWrapper-sc-1mnb0pd-41 fop__FixedHeightWrapper-sc-sgv9y1-0 gMlFiL jNtybn viewports-enabled-standard-fop__ViewportsEnabledFop-sc-zsokr2-0 eLImeH reg-price" data-visibility-id="d34922fd-1969-4d7e-8961-0f0673b71931"><div class="base__Wrapper-sc-1mnb0pd-6 base__FixedHeightWrapper-sc-1mnb0pd-41 base__FixedHeightSkeleton-sc-1mnb0pd-42 fop__FixedHeightSkeleton-sc-sgv9y1-1 gMlFiL jqVEqi jSMxJV reg-price"></div></div><div class="base__Wrapper-sc-1mnb0pd-6 base__FixedHeightWrapper-sc-1mnb0pd-41 fop__FixedHeightWrapper-sc-sgv9y1-0 gMlFiL jNtybn viewports-enabled-standard-fop__ViewportsEnabledFop-sc-zsokr2-0 eLImeH reg-price" data-visibility-id="b82d54cd-030f-45f7-858b-a6666070dd14"><div class="base__Wrapper-sc-1mnb0pd-6 base__FixedHeightWrapper-sc-1mnb0pd-41 base__FixedHeightSkeleton-sc-1mnb0pd-42 fop__FixedHeightSkeleton-sc-sgv9y1-1 gMlFiL jqVEqi jSMxJV reg-price"></div></div><div class="base__Wrapper-sc-1mnb0pd-6 base__FixedHeightWrapper-sc-1mnb0pd-41 fop__FixedHeightWrapper-sc-sgv9y1-0 gMlFiL jNtybn viewports-enabled-standard-fop__ViewportsEnabledFop-sc-zsokr2-0 eLImeH reg-price" data-visibility-id="2b6690aa-85cc-4569-a72f-6a612f9eb00d"><div class="base__Wrapper-sc-1mnb0pd-6 base__FixedHeightWrapper-sc-1mnb0pd-41 base__FixedHeightSkeleton-sc-1mnb0pd-42 fop__FixedHeightSkeleton-sc-sgv9y1-1 gMlFiL jqVEqi jSMxJV reg-price"></div></div><div class="base__Wrapper-sc-1mnb0pd-6 base__FixedHeightWrapper-sc-1mnb0pd-41 fop__FixedHeightWrapper-sc-sgv9y1-0 gMlFiL jNtybn viewports-enabled-standard-fop__ViewportsEnabledFop-sc-zsokr2-0 eLImeH reg-price" data-visibility-id="adbc4e02-c6ed-4944-bad7-b6b6dfe4c9d3"><div class="base__Wrapper-sc-1mnb0pd-6 base__FixedHeightWrapper-sc-1mnb0pd-41 base__FixedHeightSkeleton-sc-1mnb0pd-42 fop__FixedHeightSkeleton-sc-sgv9y1-1 gMlFiL jqVEqi jSMxJV reg-price"></div></div><div class="base__Wrapper-sc-1mnb0pd-6 base__FixedHeightWrapper-sc-1mnb0pd-41 fop__FixedHeightWrapper-sc-sgv9y1-0 gMlFiL jNtybn viewports-enabled-standard-fop__ViewportsEnabledFop-sc-zsokr2-0 eLImeH reg-price" data-visibility-id="a79e666a-8b8e-44bf-bad7-059ebd7d40c8"><div class="base__Wrapper-sc-1mnb0pd-6 base__FixedHeightWrapper-sc-1mnb0pd-41 base__FixedHeightSkeleton-sc-1mnb0pd-42 fop__FixedHeightSkeleton-sc-sgv9y1-1 gMlFiL jqVEqi jSMxJV reg-price"></div></div><div class="base__Wrapper-sc-1mnb0pd-6 base__FixedHeightWrapper-sc-1mnb0pd-41 fop__FixedHeightWrapper-sc-sgv9y1-0 gMlFiL jNtybn viewports-enabled-standard-fop__ViewportsEnabledFop-sc-zsokr2-0 eLImeH reg-price" data-visibility-id="71b14b7b-a161-492b-a3bf-e428204bf2b9"><div class="base__Wrapper-sc-1mnb0pd-6 base__FixedHeightWrapper-sc-1mnb0pd-41 base__FixedHeightSkeleton-sc-1mnb0pd-42 fop__FixedHeightSkeleton-sc-sgv9y1-1 gMlFiL jqVEqi jSMxJV reg-price"></div></div><div class="base__Wrapper-sc-1mnb0pd-6 base__FixedHeightWrapper-sc-1mnb0pd-41 fop__FixedHeightWrapper-sc-sgv9y1-0 gMlFiL jNtybn viewports-enabled-standard-fop__ViewportsEnabledFop-sc-zsokr2-0 eLImeH reg-price" data-visibility-id="eb202817-08b7-43b8-8bfa-3366ab2bd8bb"><div class="base__Wrapper-sc-1mnb0pd-6 base__FixedHeightWrapper-sc-1mnb0pd-41 base__FixedHeightSkeleton-sc-1mnb0pd-42 fop__FixedHeightSkeleton-sc-sgv9y1-1 gMlFiL jqVEqi jSMxJV reg-price"></div></div><div class="base__Wrapper-sc-1mnb0pd-6 base__FixedHeightWrapper-sc-1mnb0pd-41 fop__FixedHeightWrapper-sc-sgv9y1-0 gMlFiL jNtybn viewports-enabled-standard-fop__ViewportsEnabledFop-sc-zsokr2-0 eLImeH reg-price" data-visibility-id="bbd9ec58-dd91-476b-84ab-61cba7a46b4b"><div class="base__Wrapper-sc-1mnb0pd-6 base__FixedHeightWrapper-sc-1mnb0pd-41 base__FixedHeightSkeleton-sc-1mnb0pd-42 fop__FixedHeightSkeleton-sc-sgv9y1-1 gMlFiL jqVEqi jSMxJV reg-price"></div></div><div class="base__Wrapper-sc-1mnb0pd-6 base__FixedHeightWrapper-sc-1mnb0pd-41 fop__FixedHeightWrapper-sc-sgv9y1-0 gMlFiL jNtybn viewports-enabled-standard-fop__ViewportsEnabledFop-sc-zsokr2-0 eLImeH reg-price" data-visibility-id="f46a022f-8e1a-452d-a828-6332f56f2c2c"><div class="base__Wrapper-sc-1mnb0pd-6 base__FixedHeightWrapper-sc-1mnb0pd-41 base__FixedHeightSkeleton-sc-1mnb0pd-42 fop__FixedHeightSkeleton-sc-sgv9y1-1 gMlFiL jqVEqi jSMxJV reg-price"></div></div><div class="base__Wrapper-sc-1mnb0pd-6 base__FixedHeightWrapper-sc-1mnb0pd-41 fop__FixedHeightWrapper-sc-sgv9y1-0 gMlFiL jNtybn viewports-enabled-standard-fop__ViewportsEnabledFop-sc-zsokr2-0 eLImeH reg-price" data-visibility-id="b4d6b7d2-2044-4133-b07f-11505114a521"><div class="base__Wrapper-sc-1mnb0pd-6 base__FixedHeightWrapper-sc-1mnb0pd-41 base__FixedHeightSkeleton-sc-1mnb0pd-42 fop__FixedHeightSkeleton-sc-sgv9y1-1 gMlFiL jqVEqi jSMxJV reg-price"></div></div><div class="base__Wrapper-sc-1mnb0pd-6 base__FixedHeightWrapper-sc-1mnb0pd-41 fop__FixedHeightWrapper-sc-sgv9y1-0 gMlFiL jNtybn viewports-enabled-standard-fop__ViewportsEnabledFop-sc-zsokr2-0 eLImeH reg-price" data-visibility-id="28bc6e0b-af1b-4b72-b893-6cbb78d4cf02"><div class="base__Wrapper-sc-1mnb0pd-6 base__FixedHeightWrapper-sc-1mnb0pd-41 base__FixedHeightSkeleton-sc-1mnb0pd-42 fop__FixedHeightSkeleton-sc-sgv9y1-1 gMlFiL jqVEqi jSMxJV reg-price"></div></div><div class="base__Wrapper-sc-1mnb0pd-6 base__FixedHeightWrapper-sc-1mnb0pd-41 fop__FixedHeightWrapper-sc-sgv9y1-0 gMlFiL jNtybn viewports-enabled-standard-fop__ViewportsEnabledFop-sc-zsokr2-0 eLImeH reg-price" data-visibility-id="cd8ffcd7-2ca5-4fcd-b09e-ec93f121e12e"><div class="base__Wrapper-sc-1mnb0pd-6 base__FixedHeightWrapper-sc-1mnb0pd-41 base__FixedHeightSkeleton-sc-1mnb0pd-42 fop__FixedHeightSkeleton-sc-sgv9y1-1 gMlFiL jqVEqi jSMxJV reg-price"></div></div><div class="base__Wrapper-sc-1mnb0pd-6 base__FixedHeightWrapper-sc-1mnb0pd-41 fop__FixedHeightWrapper-sc-sgv9y1-0 gMlFiL jNtybn viewports-enabled-standard-fop__ViewportsEnabledFop-sc-zsokr2-0 eLImeH reg-price" data-visibility-id="076698c5-159a-4d76-89bf-92465b1f49a1"><div class="base__Wrapper-sc-1mnb0pd-6 base__FixedHeightWrapper-sc-1mnb0pd-41 base__FixedHeightSkeleton-sc-1mnb0pd-42 fop__FixedHeightSkeleton-sc-sgv9y1-1 gMlFiL jqVEqi jSMxJV reg-price"></div></div><div class="base__Wrapper-sc-1mnb0pd-6 base__FixedHeightWrapper-sc-1mnb0pd-41 fop__FixedHeightWrapper-sc-sgv9y1-0 gMlFiL jNtybn viewports-enabled-standard-fop__ViewportsEnabledFop-sc-zsokr2-0 eLImeH reg-price" data-visibility-id="83c06fc7-0b59-458c-99f0-4012730ab26b"><div class="base__Wrapper-sc-1mnb0pd-6 base__FixedHeightWrapper-sc-1mnb0pd-41 base__FixedHeightSkeleton-sc-1mnb0pd-42 fop__FixedHeightSkeleton-sc-sgv9y1-1 gMlFiL jqVEqi jSMxJV reg-price"></div></div><div class="base__Wrapper-sc-1mnb0pd-6 base__FixedHeightWrapper-sc-1mnb0pd-41 fop__FixedHeightWrapper-sc-sgv9y1-0 gMlFiL jNtybn viewports-enabled-standard-fop__ViewportsEnabledFop-sc-zsokr2-0 eLImeH reg-price" data-visibility-id="a0a4f731-f46b-4180-a6c0-7be5b65ee422"><div class="base__Wrapper-sc-1mnb0pd-6 base__FixedHeightWrapper-sc-1mnb0pd-41 base__FixedHeightSkeleton-sc-1mnb0pd-42 fop__FixedHeightSkeleton-sc-sgv9y1-1 gMlFiL jqVEqi jSMxJV reg-price"></div></div><div class="base__Wrapper-sc-1mnb0pd-6 base__FixedHeightWrapper-sc-1mnb0pd-41 fop__FixedHeightWrapper-sc-sgv9y1-0 gMlFiL jNtybn viewports-enabled-standard-fop__ViewportsEnabledFop-sc-zsokr2-0 eLImeH reg-price" data-visibility-id="f2b75766-d287-4a13-8a7f-1377bd091ce6"><div class="base__Wrapper-sc-1mnb0pd-6 base__FixedHeightWrapper-sc-1mnb0pd-41 base__FixedHeightSkeleton-sc-1mnb0pd-42 fop__FixedHeightSkeleton-sc-sgv9y1-1 gMlFiL jqVEqi jSMxJV reg-price"></div></div><div class="base__Wrapper-sc-1mnb0pd-6 base__FixedHeightWrapper-sc-1mnb0pd-41 fop__FixedHeightWrapper-sc-sgv9y1-0 gMlFiL jNtybn viewports-enabled-standard-fop__ViewportsEnabledFop-sc-zsokr2-0 eLImeH reg-price" data-visibility-id="04b4340e-bc22-46a5-8aa1-751226d85bf3"><div class="base__Wrapper-sc-1mnb0pd-6 base__FixedHeightWrapper-sc-1mnb0pd-41 base__FixedHeightSkeleton-sc-1mnb0pd-42 fop__FixedHeightSkeleton-sc-sgv9y1-1 gMlFiL jqVEqi jSMxJV reg-price"></div></div><div class="base__Wrapper-sc-1mnb0pd-6 base__FixedHeightWrapper-sc-1mnb0pd-41 fop__FixedHeightWrapper-sc-sgv9y1-0 gMlFiL jNtybn viewports-enabled-standard-fop__ViewportsEnabledFop-sc-zsokr2-0 eLImeH reg-price" data-visibility-id="fefce864-0e2a-4970-9b77-609843b71cab"><div class="base__Wrapper-sc-1mnb0pd-6 base__FixedHeightWrapper-sc-1mnb0pd-41 base__FixedHeightSkeleton-sc-1mnb0pd-42 fop__FixedHeightSkeleton-sc-sgv9y1-1 gMlFiL jqVEqi jSMxJV reg-price"></div></div><div class="base__Wrapper-sc-1mnb0pd-6 base__FixedHeightWrapper-sc-1mnb0pd-41 fop__FixedHeightWrapper-sc-sgv9y1-0 gMlFiL jNtybn viewports-enabled-standard-fop__ViewportsEnabledFop-sc-zsokr2-0 eLImeH reg-price" data-visibility-id="c384aae5-c4d9-4fdf-8a00-c65525311b20"><div class="base__Wrapper-sc-1mnb0pd-6 base__FixedHeightWrapper-sc-1mnb0pd-41 base__FixedHeightSkeleton-sc-1mnb0pd-42 fop__FixedHeightSkeleton-sc-sgv9y1-1 gMlFiL jqVEqi jSMxJV reg-price"></div></div><div class="base__Wrapper-sc-1mnb0pd-6 base__FixedHeightWrapper-sc-1mnb0pd-41 fop__FixedHeightWrapper-sc-sgv9y1-0 gMlFiL jNtybn viewports-enabled-standard-fop__ViewportsEnabledFop-sc-zsokr2-0 eLImeH reg-price" data-visibility-id="ee38f8b8-fb39-443a-8383-7cf00fc26331"><div class="base__Wrapper-sc-1mnb0pd-6 base__FixedHeightWrapper-sc-1mnb0pd-41 base__FixedHeightSkeleton-sc-1mnb0pd-42 fop__FixedHeightSkeleton-sc-sgv9y1-1 gMlFiL jqVEqi jSMxJV reg-price"></div></div><div class="base__Wrapper-sc-1mnb0pd-6 base__FixedHeightWrapper-sc-1mnb0pd-41 fop__FixedHeightWrapper-sc-sgv9y1-0 gMlFiL jNtybn viewports-enabled-standard-fop__ViewportsEnabledFop-sc-zsokr2-0 eLImeH reg-price" data-visibility-id="30a017c0-d61e-4081-9135-28e5a10d5606"><div class="base__Wrapper-sc-1mnb0pd-6 base__FixedHeightWrapper-sc-1mnb0pd-41 base__FixedHeightSkeleton-sc-1mnb0pd-42 fop__FixedHeightSkeleton-sc-sgv9y1-1 gMlFiL jqVEqi jSMxJV reg-price"></div></div><div class="base__Wrapper-sc-1mnb0pd-6 base__FixedHeightWrapper-sc-1mnb0pd-41 fop__FixedHeightWrapper-sc-sgv9y1-0 gMlFiL jNtybn viewports-enabled-standard-fop__ViewportsEnabledFop-sc-zsokr2-0 eLImeH reg-price" data-visibility-id="25ac7231-aef2-4fd4-b123-41f5734fbff9"><div class="base__Wrapper-sc-1mnb0pd-6 base__FixedHeightWrapper-sc-1mnb0pd-41 base__FixedHeightSkeleton-sc-1mnb0pd-42 fop__FixedHeightSkeleton-sc-sgv9y1-1 gMlFiL jqVEqi jSMxJV reg-price"></div></div><div class="base__Wrapper-sc-1mnb0pd-6 base__FixedHeightWrapper-sc-1mnb0pd-41 fop__FixedHeightWrapper-sc-sgv9y1-0 gMlFiL jNtybn viewports-enabled-standard-fop__ViewportsEnabledFop-sc-zsokr2-0 eLImeH reg-price" data-visibility-id="ba648a91-998d-47bb-ae04-30d2f0be9e5c"><div class="base__Wrapper-sc-1mnb0pd-6 base__FixedHeightWrapper-sc-1mnb0pd-41 base__FixedHeightSkeleton-sc-1mnb0pd-42 fop__FixedHeightSkeleton-sc-sgv9y1-1 gMlFiL jqVEqi jSMxJV reg-price"></div></div><div class="base__Wrapper-sc-1mnb0pd-6 base__FixedHeightWrapper-sc-1mnb0pd-41 fop__FixedHeightWrapper-sc-sgv9y1-0 gMlFiL jNtybn viewports-enabled-standard-fop__ViewportsEnabledFop-sc-zsokr2-0 eLImeH reg-price" data-visibility-id="58218edf-0aae-4cb8-8680-7cbc96b7a911"><div class="base__Wrapper-sc-1mnb0pd-6 base__FixedHeightWrapper-sc-1mnb0pd-41 base__FixedHeightSkeleton-sc-1mnb0pd-42 fop__FixedHeightSkeleton-sc-sgv9y1-1 gMlFiL jqVEqi jSMxJV reg-price"></div></div><div class="base__Wrapper-sc-1mnb0pd-6 base__FixedHeightWrapper-sc-1mnb0pd-41 fop__FixedHeightWrapper-sc-sgv9y1-0 gMlFiL jNtybn viewports-enabled-standard-fop__ViewportsEnabledFop-sc-zsokr2-0 eLImeH reg-price" data-visibility-id="076dec13-78db-4797-aa8c-91a3d2c24a26"><div class="base__Wrapper-sc-1mnb0pd-6 base__FixedHeightWrapper-sc-1mnb0pd-41 base__FixedHeightSkeleton-sc-1mnb0pd-42 fop__FixedHeightSkeleton-sc-sgv9y1-1 gMlFiL jqVEqi jSMxJV reg-price"></div></div><div class="base__Wrapper-sc-1mnb0pd-6 base__FixedHeightWrapper-sc-1mnb0pd-41 fop__FixedHeightWrapper-sc-sgv9y1-0 gMlFiL jNtybn viewports-enabled-standard-fop__ViewportsEnabledFop-sc-zsokr2-0 eLImeH reg-price" data-visibility-id="a4f19986-9c43-4288-98db-6dcd66b9ab24"><div class="base__Wrapper-sc-1mnb0pd-6 base__FixedHeightWrapper-sc-1mnb0pd-41 base__FixedHeightSkeleton-sc-1mnb0pd-42 fop__FixedHeightSkeleton-sc-sgv9y1-1 gMlFiL jqVEqi jSMxJV reg-price"></div></div><div class="base__Wrapper-sc-1mnb0pd-6 base__FixedHeightWrapper-sc-1mnb0pd-41 fop__FixedHeightWrapper-sc-sgv9y1-0 gMlFiL jNtybn viewports-enabled-standard-fop__ViewportsEnabledFop-sc-zsokr2-0 eLImeH reg-price" data-visibility-id="b136ca37-d7f5-4d2d-85c9-3f63170e6f00"><div class="base__Wrapper-sc-1mnb0pd-6 base__FixedHeightWrapper-sc-1mnb0pd-41 base__FixedHeightSkeleton-sc-1mnb0pd-42 fop__FixedHeightSkeleton-sc-sgv9y1-1 gMlFiL jqVEqi jSMxJV reg-price"></div></div><div class="base__Wrapper-sc-1mnb0pd-6 base__FixedHeightWrapper-sc-1mnb0pd-41 fop__FixedHeightWrapper-sc-sgv9y1-0 gMlFiL jNtybn viewports-enabled-standard-fop__ViewportsEnabledFop-sc-zsokr2-0 eLImeH reg-price" data-visibility-id="2ed42461-c71f-4f07-9ab5-6a6209ffffcf"><div class="base__Wrapper-sc-1mnb0pd-6 base__FixedHeightWrapper-sc-1mnb0pd-41 base__FixedHeightSkeleton-sc-1mnb0pd-42 fop__FixedHeightSkeleton-sc-sgv9y1-1 gMlFiL jqVEqi jSMxJV reg-price"></div></div><div class="base__Wrapper-sc-1mnb0pd-6 base__FixedHeightWrapper-sc-1mnb0pd-41 fop__FixedHeightWrapper-sc-sgv9y1-0 gMlFiL jNtybn viewports-enabled-standard-fop__ViewportsEnabledFop-sc-zsokr2-0 eLImeH reg-price" data-visibility-id="c5a41ab1-e9eb-49f4-a3e9-565487164a95"><div class="base__Wrapper-sc-1mnb0pd-6 base__FixedHeightWrapper-sc-1mnb0pd-41 base__FixedHeightSkeleton-sc-1mnb0pd-42 fop__FixedHeightSkeleton-sc-sgv9y1-1 gMlFiL jqVEqi jSMxJV reg-price"></div></div><div class="base__Wrapper-sc-1mnb0pd-6 base__FixedHeightWrapper-sc-1mnb0pd-41 fop__FixedHeightWrapper-sc-sgv9y1-0 gMlFiL jNtybn viewports-enabled-standard-fop__ViewportsEnabledFop-sc-zsokr2-0 eLImeH reg-price" data-visibility-id="59a01fd9-093c-4799-971a-f44fff18dde5"><div class="base__Wrapper-sc-1mnb0pd-6 base__FixedHeightWrapper-sc-1mnb0pd-41 base__FixedHeightSkeleton-sc-1mnb0pd-42 fop__FixedHeightSkeleton-sc-sgv9y1-1 gMlFiL jqVEqi jSMxJV reg-price"></div></div><div class="base__Wrapper-sc-1mnb0pd-6 base__FixedHeightWrapper-sc-1mnb0pd-41 fop__FixedHeightWrapper-sc-sgv9y1-0 gMlFiL jNtybn viewports-enabled-standard-fop__ViewportsEnabledFop-sc-zsokr2-0 eLImeH reg-price" data-visibility-id="f3e570b4-a352-4211-bc8c-0ba5ea7d6090"><div class="base__Wrapper-sc-1mnb0pd-6 base__FixedHeightWrapper-sc-1mnb0pd-41 base__FixedHeightSkeleton-sc-1mnb0pd-42 fop__FixedHeightSkeleton-sc-sgv9y1-1 gMlFiL jqVEqi jSMxJV reg-price"></div></div><div class="base__Wrapper-sc-1mnb0pd-6 base__FixedHeightWrapper-sc-1mnb0pd-41 fop__FixedHeightWrapper-sc-sgv9y1-0 gMlFiL jNtybn viewports-enabled-standard-fop__ViewportsEnabledFop-sc-zsokr2-0 eLImeH reg-price" data-visibility-id="5320b913-8fe6-47b6-a9b9-c61cebd57d53"><div class="base__Wrapper-sc-1mnb0pd-6 base__FixedHeightWrapper-sc-1mnb0pd-41 base__FixedHeightSkeleton-sc-1mnb0pd-42 fop__FixedHeightSkeleton-sc-sgv9y1-1 gMlFiL jqVEqi jSMxJV reg-price"></div></div><div class="base__Wrapper-sc-1mnb0pd-6 base__FixedHeightWrapper-sc-1mnb0pd-41 fop__FixedHeightWrapper-sc-sgv9y1-0 gMlFiL jNtybn viewports-enabled-standard-fop__ViewportsEnabledFop-sc-zsokr2-0 eLImeH reg-price" data-visibility-id="d437cc7c-1f9c-49c2-9ddd-ed6ea03da43c"><div class="base__Wrapper-sc-1mnb0pd-6 base__FixedHeightWrapper-sc-1mnb0pd-41 base__FixedHeightSkeleton-sc-1mnb0pd-42 fop__FixedHeightSkeleton-sc-sgv9y1-1 gMlFiL jqVEqi jSMxJV reg-price"></div></div><div class="base__Wrapper-sc-1mnb0pd-6 base__FixedHeightWrapper-sc-1mnb0pd-41 fop__FixedHeightWrapper-sc-sgv9y1-0 gMlFiL jNtybn viewports-enabled-standard-fop__ViewportsEnabledFop-sc-zsokr2-0 eLImeH reg-price" data-visibility-id="199c85a9-6ab0-471a-b5dd-772ac37f3b3f"><div class="base__Wrapper-sc-1mnb0pd-6 base__FixedHeightWrapper-sc-1mnb0pd-41 base__FixedHeightSkeleton-sc-1mnb0pd-42 fop__FixedHeightSkeleton-sc-sgv9y1-1 gMlFiL jqVEqi jSMxJV reg-price"></div></div><div class="base__Wrapper-sc-1mnb0pd-6 base__FixedHeightWrapper-sc-1mnb0pd-41 fop__FixedHeightWrapper-sc-sgv9y1-0 gMlFiL jNtybn viewports-enabled-standard-fop__ViewportsEnabledFop-sc-zsokr2-0 eLImeH reg-price" data-visibility-id="12cac920-0f23-4d80-bd65-db88b1980322"><div class="base__Wrapper-sc-1mnb0pd-6 base__FixedHeightWrapper-sc-1mnb0pd-41 base__FixedHeightSkeleton-sc-1mnb0pd-42 fop__FixedHeightSkeleton-sc-sgv9y1-1 gMlFiL jqVEqi jSMxJV reg-price"></div></div><div class="base__Wrapper-sc-1mnb0pd-6 base__FixedHeightWrapper-sc-1mnb0pd-41 fop__FixedHeightWrapper-sc-sgv9y1-0 gMlFiL jNtybn viewports-enabled-standard-fop__ViewportsEnabledFop-sc-zsokr2-0 eLImeH reg-price" data-visibility-id="6cb9a4b7-019f-4295-b70b-5d3b6d6652ab"><div class="base__Wrapper-sc-1mnb0pd-6 base__FixedHeightWrapper-sc-1mnb0pd-41 base__FixedHeightSkeleton-sc-1mnb0pd-42 fop__FixedHeightSkeleton-sc-sgv9y1-1 gMlFiL jqVEqi jSMxJV reg-price"></div></div><div class="base__Wrapper-sc-1mnb0pd-6 base__FixedHeightWrapper-sc-1mnb0pd-41 fop__FixedHeightWrapper-sc-sgv9y1-0 gMlFiL jNtybn viewports-enabled-standard-fop__ViewportsEnabledFop-sc-zsokr2-0 eLImeH reg-price" data-visibility-id="80ee3513-1963-4502-94fc-6d6f613cae82"><div class="base__Wrapper-sc-1mnb0pd-6 base__FixedHeightWrapper-sc-1mnb0pd-41 base__FixedHeightSkeleton-sc-1mnb0pd-42 fop__FixedHeightSkeleton-sc-sgv9y1-1 gMlFiL jqVEqi jSMxJV reg-price"></div></div><div class="base__Wrapper-sc-1mnb0pd-6 base__FixedHeightWrapper-sc-1mnb0pd-41 fop__FixedHeightWrapper-sc-sgv9y1-0 gMlFiL jNtybn viewports-enabled-standard-fop__ViewportsEnabledFop-sc-zsokr2-0 eLImeH reg-price" data-visibility-id="2db89491-5ebf-4008-8c5e-493e6fbca50e"><div class="base__Wrapper-sc-1mnb0pd-6 base__FixedHeightWrapper-sc-1mnb0pd-41 base__FixedHeightSkeleton-sc-1mnb0pd-42 fop__FixedHeightSkeleton-sc-sgv9y1-1 gMlFiL jqVEqi jSMxJV reg-price"></div></div><div class="base__Wrapper-sc-1mnb0pd-6 base__FixedHeightWrapper-sc-1mnb0pd-41 fop__FixedHeightWrapper-sc-sgv9y1-0 gMlFiL jNtybn viewports-enabled-standard-fop__ViewportsEnabledFop-sc-zsokr2-0 eLImeH reg-price" data-visibility-id="dbe33552-3b86-413d-8376-42e8de2e9bef"><div class="base__Wrapper-sc-1mnb0pd-6 base__FixedHeightWrapper-sc-1mnb0pd-41 base__FixedHeightSkeleton-sc-1mnb0pd-42 fop__FixedHeightSkeleton-sc-sgv9y1-1 gMlFiL jqVEqi jSMxJV reg-price"></div></div><div class="base__Wrapper-sc-1mnb0pd-6 base__FixedHeightWrapper-sc-1mnb0pd-41 fop__FixedHeightWrapper-sc-sgv9y1-0 gMlFiL jNtybn viewports-enabled-standard-fop__ViewportsEnabledFop-sc-zsokr2-0 eLImeH reg-price" data-visibility-id="12a49d12-bead-4f69-95c4-174c43b2266d"><div class="base__Wrapper-sc-1mnb0pd-6 base__FixedHeightWrapper-sc-1mnb0pd-41 base__FixedHeightSkeleton-sc-1mnb0pd-42 fop__FixedHeightSkeleton-sc-sgv9y1-1 gMlFiL jqVEqi jSMxJV reg-price"></div></div><div class="base__Wrapper-sc-1mnb0pd-6 base__FixedHeightWrapper-sc-1mnb0pd-41 fop__FixedHeightWrapper-sc-sgv9y1-0 gMlFiL jNtybn viewports-enabled-standard-fop__ViewportsEnabledFop-sc-zsokr2-0 eLImeH reg-price" data-visibility-id="26800df1-1002-45a8-92bc-1152a8d25be7"><div class="base__Wrapper-sc-1mnb0pd-6 base__FixedHeightWrapper-sc-1mnb0pd-41 base__FixedHeightSkeleton-sc-1mnb0pd-42 fop__FixedHeightSkeleton-sc-sgv9y1-1 gMlFiL jqVEqi jSMxJV reg-price"></div></div><div class="base__Wrapper-sc-1mnb0pd-6 base__FixedHeightWrapper-sc-1mnb0pd-41 fop__FixedHeightWrapper-sc-sgv9y1-0 gMlFiL jNtybn viewports-enabled-standard-fop__ViewportsEnabledFop-sc-zsokr2-0 eLImeH reg-price" data-visibility-id="2b95ecb2-5388-4255-a532-2ab984e0b8dd"><div class="base__Wrapper-sc-1mnb0pd-6 base__FixedHeightWrapper-sc-1mnb0pd-41 base__FixedHeightSkeleton-sc-1mnb0pd-42 fop__FixedHeightSkeleton-sc-sgv9y1-1 gMlFiL jqVEqi jSMxJV reg-price"></div></div><div class="base__Wrapper-sc-1mnb0pd-6 base__FixedHeightWrapper-sc-1mnb0pd-41 fop__FixedHeightWrapper-sc-sgv9y1-0 gMlFiL jNtybn viewports-enabled-standard-fop__ViewportsEnabledFop-sc-zsokr2-0 eLImeH reg-price" data-visibility-id="781d8bbe-25e5-4ef4-a1a9-6dde612128dc"><div class="base__Wrapper-sc-1mnb0pd-6 base__FixedHeightWrapper-sc-1mnb0pd-41 base__FixedHeightSkeleton-sc-1mnb0pd-42 fop__FixedHeightSkeleton-sc-sgv9y1-1 gMlFiL jqVEqi jSMxJV reg-price"></div></div><div class="base__Wrapper-sc-1mnb0pd-6 base__FixedHeightWrapper-sc-1mnb0pd-41 fop__FixedHeightWrapper-sc-sgv9y1-0 gMlFiL jNtybn viewports-enabled-standard-fop__ViewportsEnabledFop-sc-zsokr2-0 eLImeH reg-price" data-visibility-id="fac1f949-dc58-4a9c-9341-214d80a04459"><div class="base__Wrapper-sc-1mnb0pd-6 base__FixedHeightWrapper-sc-1mnb0pd-41 base__FixedHeightSkeleton-sc-1mnb0pd-42 fop__FixedHeightSkeleton-sc-sgv9y1-1 gMlFiL jqVEqi jSMxJV reg-price"></div></div><div class="base__Wrapper-sc-1mnb0pd-6 base__FixedHeightWrapper-sc-1mnb0pd-41 fop__FixedHeightWrapper-sc-sgv9y1-0 gMlFiL jNtybn viewports-enabled-standard-fop__ViewportsEnabledFop-sc-zsokr2-0 eLImeH reg-price" data-visibility-id="82b32e03-8536-4f5d-9e63-1cc5538758b9"><div class="base__Wrapper-sc-1mnb0pd-6 base__FixedHeightWrapper-sc-1mnb0pd-41 base__FixedHeightSkeleton-sc-1mnb0pd-42 fop__FixedHeightSkeleton-sc-sgv9y1-1 gMlFiL jqVEqi jSMxJV reg-price"></div></div><div class="base__Wrapper-sc-1mnb0pd-6 base__FixedHeightWrapper-sc-1mnb0pd-41 fop__FixedHeightWrapper-sc-sgv9y1-0 gMlFiL jNtybn viewports-enabled-standard-fop__ViewportsEnabledFop-sc-zsokr2-0 eLImeH reg-price" data-visibility-id="d9290b48-b17c-4d85-b1e1-2e5df557056d"><div class="base__Wrapper-sc-1mnb0pd-6 base__FixedHeightWrapper-sc-1mnb0pd-41 base__FixedHeightSkeleton-sc-1mnb0pd-42 fop__FixedHeightSkeleton-sc-sgv9y1-1 gMlFiL jqVEqi jSMxJV reg-price"></div></div><div class="base__Wrapper-sc-1mnb0pd-6 base__FixedHeightWrapper-sc-1mnb0pd-41 fop__FixedHeightWrapper-sc-sgv9y1-0 gMlFiL jNtybn viewports-enabled-standard-fop__ViewportsEnabledFop-sc-zsokr2-0 eLImeH reg-price" data-visibility-id="6e38f563-6f33-4d57-8ce8-8fb3d876d12b"><div class="base__Wrapper-sc-1mnb0pd-6 base__FixedHeightWrapper-sc-1mnb0pd-41 base__FixedHeightSkeleton-sc-1mnb0pd-42 fop__FixedHeightSkeleton-sc-sgv9y1-1 gMlFiL jqVEqi jSMxJV reg-price"></div></div><div class="base__Wrapper-sc-1mnb0pd-6 base__FixedHeightWrapper-sc-1mnb0pd-41 fop__FixedHeightWrapper-sc-sgv9y1-0 gMlFiL jNtybn viewports-enabled-standard-fop__ViewportsEnabledFop-sc-zsokr2-0 eLImeH reg-price" data-visibility-id="8593a836-48c1-4402-ad24-cc9e031d2855"><div class="base__Wrapper-sc-1mnb0pd-6 base__FixedHeightWrapper-sc-1mnb0pd-41 base__FixedHeightSkeleton-sc-1mnb0pd-42 fop__FixedHeightSkeleton-sc-sgv9y1-1 gMlFiL jqVEqi jSMxJV reg-price"></div></div><div class="base__Wrapper-sc-1mnb0pd-6 base__FixedHeightWrapper-sc-1mnb0pd-41 fop__FixedHeightWrapper-sc-sgv9y1-0 gMlFiL jNtybn viewports-enabled-standard-fop__ViewportsEnabledFop-sc-zsokr2-0 eLImeH reg-price" data-visibility-id="a145ece2-9278-443c-b5c8-fbdae9bb57af"><div class="base__Wrapper-sc-1mnb0pd-6 base__FixedHeightWrapper-sc-1mnb0pd-41 base__FixedHeightSkeleton-sc-1mnb0pd-42 fop__FixedHeightSkeleton-sc-sgv9y1-1 gMlFiL jqVEqi jSMxJV reg-price"></div></div><div class="base__Wrapper-sc-1mnb0pd-6 base__FixedHeightWrapper-sc-1mnb0pd-41 fop__FixedHeightWrapper-sc-sgv9y1-0 gMlFiL jNtybn viewports-enabled-standard-fop__ViewportsEnabledFop-sc-zsokr2-0 eLImeH reg-price" data-visibility-id="15ef0670-edfd-443c-b5f9-404b986ee085"><div class="base__Wrapper-sc-1mnb0pd-6 base__FixedHeightWrapper-sc-1mnb0pd-41 base__FixedHeightSkeleton-sc-1mnb0pd-42 fop__FixedHeightSkeleton-sc-sgv9y1-1 gMlFiL jqVEqi jSMxJV reg-price"></div></div><div class="base__Wrapper-sc-1mnb0pd-6 base__FixedHeightWrapper-sc-1mnb0pd-41 fop__FixedHeightWrapper-sc-sgv9y1-0 gMlFiL jNtybn viewports-enabled-standard-fop__ViewportsEnabledFop-sc-zsokr2-0 eLImeH reg-price" data-visibility-id="cac7ebca-e2f8-4a33-8ecf-184388ca8cde"><div class="base__Wrapper-sc-1mnb0pd-6 base__FixedHeightWrapper-sc-1mnb0pd-41 base__FixedHeightSkeleton-sc-1mnb0pd-42 fop__FixedHeightSkeleton-sc-sgv9y1-1 gMlFiL jqVEqi jSMxJV reg-price"></div></div><div class="base__Wrapper-sc-1mnb0pd-6 base__FixedHeightWrapper-sc-1mnb0pd-41 fop__FixedHeightWrapper-sc-sgv9y1-0 gMlFiL jNtybn viewports-enabled-standard-fop__ViewportsEnabledFop-sc-zsokr2-0 eLImeH reg-price" data-visibility-id="715043e6-8c17-4f94-a5a9-11b196239928"><div class="base__Wrapper-sc-1mnb0pd-6 base__FixedHeightWrapper-sc-1mnb0pd-41 base__FixedHeightSkeleton-sc-1mnb0pd-42 fop__FixedHeightSkeleton-sc-sgv9y1-1 gMlFiL jqVEqi jSMxJV reg-price"></div></div><div class="base__Wrapper-sc-1mnb0pd-6 base__FixedHeightWrapper-sc-1mnb0pd-41 fop__FixedHeightWrapper-sc-sgv9y1-0 gMlFiL jNtybn viewports-enabled-standard-fop__ViewportsEnabledFop-sc-zsokr2-0 eLImeH reg-price" data-visibility-id="f918b81c-daea-4f0c-a9f8-994b3233885a"><div class="base__Wrapper-sc-1mnb0pd-6 base__FixedHeightWrapper-sc-1mnb0pd-41 base__FixedHeightSkeleton-sc-1mnb0pd-42 fop__FixedHeightSkeleton-sc-sgv9y1-1 gMlFiL jqVEqi jSMxJV reg-price"></div></div><div class="base__Wrapper-sc-1mnb0pd-6 base__FixedHeightWrapper-sc-1mnb0pd-41 fop__FixedHeightWrapper-sc-sgv9y1-0 gMlFiL jNtybn viewports-enabled-standard-fop__ViewportsEnabledFop-sc-zsokr2-0 eLImeH reg-price" data-visibility-id="d01ce22a-b84e-4842-865f-72444f79dd3b"><div class="base__Wrapper-sc-1mnb0pd-6 base__FixedHeightWrapper-sc-1mnb0pd-41 base__FixedHeightSkeleton-sc-1mnb0pd-42 fop__FixedHeightSkeleton-sc-sgv9y1-1 gMlFiL jqVEqi jSMxJV reg-price"></div></div><div class="base__Wrapper-sc-1mnb0pd-6 base__FixedHeightWrapper-sc-1mnb0pd-41 fop__FixedHeightWrapper-sc-sgv9y1-0 gMlFiL jNtybn viewports-enabled-standard-fop__ViewportsEnabledFop-sc-zsokr2-0 eLImeH reg-price" data-visibility-id="df3a4e1d-9e16-463f-ae0e-145b72842f6f"><div class="base__Wrapper-sc-1mnb0pd-6 base__FixedHeightWrapper-sc-1mnb0pd-41 base__FixedHeightSkeleton-sc-1mnb0pd-42 fop__FixedHeightSkeleton-sc-sgv9y1-1 gMlFiL jqVEqi jSMxJV reg-price"></div></div><div class="base__Wrapper-sc-1mnb0pd-6 base__FixedHeightWrapper-sc-1mnb0pd-41 fop__FixedHeightWrapper-sc-sgv9y1-0 gMlFiL jNtybn viewports-enabled-standard-fop__ViewportsEnabledFop-sc-zsokr2-0 eLImeH reg-price" data-visibility-id="9255b92a-02c1-4b2f-9e8e-ecad745e3f4c"><div class="base__Wrapper-sc-1mnb0pd-6 base__FixedHeightWrapper-sc-1mnb0pd-41 base__FixedHeightSkeleton-sc-1mnb0pd-42 fop__FixedHeightSkeleton-sc-sgv9y1-1 gMlFiL jqVEqi jSMxJV reg-price"></div></div><div class="base__Wrapper-sc-1mnb0pd-6 base__FixedHeightWrapper-sc-1mnb0pd-41 fop__FixedHeightWrapper-sc-sgv9y1-0 gMlFiL jNtybn viewports-enabled-standard-fop__ViewportsEnabledFop-sc-zsokr2-0 eLImeH reg-price" data-visibility-id="fb59cd71-d632-4ef0-9390-c6ac3f8ebe92"><div class="base__Wrapper-sc-1mnb0pd-6 base__FixedHeightWrapper-sc-1mnb0pd-41 base__FixedHeightSkeleton-sc-1mnb0pd-42 fop__FixedHeightSkeleton-sc-sgv9y1-1 gMlFiL jqVEqi jSMxJV reg-price"></div></div><div class="base__Wrapper-sc-1mnb0pd-6 base__FixedHeightWrapper-sc-1mnb0pd-41 fop__FixedHeightWrapper-sc-sgv9y1-0 gMlFiL jNtybn viewports-enabled-standard-fop__ViewportsEnabledFop-sc-zsokr2-0 eLImeH reg-price" data-visibility-id="09634347-595f-4c66-9135-8a55143dc9c3"><div class="base__Wrapper-sc-1mnb0pd-6 base__FixedHeightWrapper-sc-1mnb0pd-41 base__FixedHeightSkeleton-sc-1mnb0pd-42 fop__FixedHeightSkeleton-sc-sgv9y1-1 gMlFiL jqVEqi jSMxJV reg-price"></div></div><div class="base__Wrapper-sc-1mnb0pd-6 base__FixedHeightWrapper-sc-1mnb0pd-41 fop__FixedHeightWrapper-sc-sgv9y1-0 gMlFiL jNtybn viewports-enabled-standard-fop__ViewportsEnabledFop-sc-zsokr2-0 eLImeH reg-price" data-visibility-id="411e053a-6fcb-4cff-9682-9617dcad445b"><div class="base__Wrapper-sc-1mnb0pd-6 base__FixedHeightWrapper-sc-1mnb0pd-41 base__FixedHeightSkeleton-sc-1mnb0pd-42 fop__FixedHeightSkeleton-sc-sgv9y1-1 gMlFiL jqVEqi jSMxJV reg-price"></div></div><div class="base__Wrapper-sc-1mnb0pd-6 base__FixedHeightWrapper-sc-1mnb0pd-41 fop__FixedHeightWrapper-sc-sgv9y1-0 gMlFiL jNtybn viewports-enabled-standard-fop__ViewportsEnabledFop-sc-zsokr2-0 eLImeH reg-price" data-visibility-id="281d6c03-7699-4f9b-ba05-e1b38c65ac49"><div class="base__Wrapper-sc-1mnb0pd-6 base__FixedHeightWrapper-sc-1mnb0pd-41 base__FixedHeightSkeleton-sc-1mnb0pd-42 fop__FixedHeightSkeleton-sc-sgv9y1-1 gMlFiL jqVEqi jSMxJV reg-price"></div></div><div class="base__Wrapper-sc-1mnb0pd-6 base__FixedHeightWrapper-sc-1mnb0pd-41 fop__FixedHeightWrapper-sc-sgv9y1-0 gMlFiL jNtybn viewports-enabled-standard-fop__ViewportsEnabledFop-sc-zsokr2-0 eLImeH reg-price" data-visibility-id="c3654f3b-4e38-4caf-b9fb-f0ac424fe8fb"><div class="base__Wrapper-sc-1mnb0pd-6 base__FixedHeightWrapper-sc-1mnb0pd-41 base__FixedHeightSkeleton-sc-1mnb0pd-42 fop__FixedHeightSkeleton-sc-sgv9y1-1 gMlFiL jqVEqi jSMxJV reg-price"></div></div><div class="base__Wrapper-sc-1mnb0pd-6 base__FixedHeightWrapper-sc-1mnb0pd-41 fop__FixedHeightWrapper-sc-sgv9y1-0 gMlFiL jNtybn viewports-enabled-standard-fop__ViewportsEnabledFop-sc-zsokr2-0 eLImeH reg-price" data-visibility-id="8e2d54a9-b82d-4f17-8e74-11ebf04f3141"><div class="base__Wrapper-sc-1mnb0pd-6 base__FixedHeightWrapper-sc-1mnb0pd-41 base__FixedHeightSkeleton-sc-1mnb0pd-42 fop__FixedHeightSkeleton-sc-sgv9y1-1 gMlFiL jqVEqi jSMxJV reg-price"></div></div><div class="base__Wrapper-sc-1mnb0pd-6 base__FixedHeightWrapper-sc-1mnb0pd-41 fop__FixedHeightWrapper-sc-sgv9y1-0 gMlFiL jNtybn viewports-enabled-standard-fop__ViewportsEnabledFop-sc-zsokr2-0 eLImeH reg-price" data-visibility-id="8c87619e-cd24-4ecf-a354-1f29152bb390"><div class="base__Wrapper-sc-1mnb0pd-6 base__FixedHeightWrapper-sc-1mnb0pd-41 base__FixedHeightSkeleton-sc-1mnb0pd-42 fop__FixedHeightSkeleton-sc-sgv9y1-1 gMlFiL jqVEqi jSMxJV reg-price"></div></div><div class="base__Wrapper-sc-1mnb0pd-6 base__FixedHeightWrapper-sc-1mnb0pd-41 fop__FixedHeightWrapper-sc-sgv9y1-0 gMlFiL jNtybn viewports-enabled-standard-fop__ViewportsEnabledFop-sc-zsokr2-0 eLImeH reg-price" data-visibility-id="21529f51-8597-43a3-b066-450cdf971738"><div class="base__Wrapper-sc-1mnb0pd-6 base__FixedHeightWrapper-sc-1mnb0pd-41 base__FixedHeightSkeleton-sc-1mnb0pd-42 fop__FixedHeightSkeleton-sc-sgv9y1-1 gMlFiL jqVEqi jSMxJV reg-price"></div></div><div class="base__Wrapper-sc-1mnb0pd-6 base__FixedHeightWrapper-sc-1mnb0pd-41 fop__FixedHeightWrapper-sc-sgv9y1-0 gMlFiL jNtybn viewports-enabled-standard-fop__ViewportsEnabledFop-sc-zsokr2-0 eLImeH reg-price" data-visibility-id="7530de19-e7ec-4720-9544-ea77a36a9c9a"><div class="base__Wrapper-sc-1mnb0pd-6 base__FixedHeightWrapper-sc-1mnb0pd-41 base__FixedHeightSkeleton-sc-1mnb0pd-42 fop__FixedHeightSkeleton-sc-sgv9y1-1 gMlFiL jqVEqi jSMxJV reg-price"></div></div><div class="base__Wrapper-sc-1mnb0pd-6 base__FixedHeightWrapper-sc-1mnb0pd-41 fop__FixedHeightWrapper-sc-sgv9y1-0 gMlFiL jNtybn viewports-enabled-standard-fop__ViewportsEnabledFop-sc-zsokr2-0 eLImeH reg-price" data-visibility-id="ea991ad4-0f4e-4f3b-81e8-f692340adc3d"><div class="base__Wrapper-sc-1mnb0pd-6 base__FixedHeightWrapper-sc-1mnb0pd-41 base__FixedHeightSkeleton-sc-1mnb0pd-42 fop__FixedHeightSkeleton-sc-sgv9y1-1 gMlFiL jqVEqi jSMxJV reg-price"></div></div><div class="base__Wrapper-sc-1mnb0pd-6 base__FixedHeightWrapper-sc-1mnb0pd-41 fop__FixedHeightWrapper-sc-sgv9y1-0 gMlFiL jNtybn viewports-enabled-standard-fop__ViewportsEnabledFop-sc-zsokr2-0 eLImeH reg-price" data-visibility-id="1128355a-7c0b-44e5-ac37-144f17c87589"><div class="base__Wrapper-sc-1mnb0pd-6 base__FixedHeightWrapper-sc-1mnb0pd-41 base__FixedHeightSkeleton-sc-1mnb0pd-42 fop__FixedHeightSkeleton-sc-sgv9y1-1 gMlFiL jqVEqi jSMxJV reg-price"></div></div><div class="base__Wrapper-sc-1mnb0pd-6 base__FixedHeightWrapper-sc-1mnb0pd-41 fop__FixedHeightWrapper-sc-sgv9y1-0 gMlFiL jNtybn viewports-enabled-standard-fop__ViewportsEnabledFop-sc-zsokr2-0 eLImeH reg-price" data-visibility-id="1412e85d-760a-4938-9a7d-f8ee01bcfc49"><div class="base__Wrapper-sc-1mnb0pd-6 base__FixedHeightWrapper-sc-1mnb0pd-41 base__FixedHeightSkeleton-sc-1mnb0pd-42 fop__FixedHeightSkeleton-sc-sgv9y1-1 gMlFiL jqVEqi jSMxJV reg-price"></div></div><div class="base__Wrapper-sc-1mnb0pd-6 base__FixedHeightWrapper-sc-1mnb0pd-41 fop__FixedHeightWrapper-sc-sgv9y1-0 gMlFiL jNtybn viewports-enabled-standard-fop__ViewportsEnabledFop-sc-zsokr2-0 eLImeH reg-price" data-visibility-id="55bd076c-50ce-4b0a-a139-5248b9dbab33"><div class="base__Wrapper-sc-1mnb0pd-6 base__FixedHeightWrapper-sc-1mnb0pd-41 base__FixedHeightSkeleton-sc-1mnb0pd-42 fop__FixedHeightSkeleton-sc-sgv9y1-1 gMlFiL jqVEqi jSMxJV reg-price"></div></div><div class="base__Wrapper-sc-1mnb0pd-6 base__FixedHeightWrapper-sc-1mnb0pd-41 fop__FixedHeightWrapper-sc-sgv9y1-0 gMlFiL jNtybn viewports-enabled-standard-fop__ViewportsEnabledFop-sc-zsokr2-0 eLImeH reg-price" data-visibility-id="f74b1946-b52a-4074-a55c-2a371be59c85"><div class="base__Wrapper-sc-1mnb0pd-6 base__FixedHeightWrapper-sc-1mnb0pd-41 base__FixedHeightSkeleton-sc-1mnb0pd-42 fop__FixedHeightSkeleton-sc-sgv9y1-1 gMlFiL jqVEqi jSMxJV reg-price"></div></div><div class="base__Wrapper-sc-1mnb0pd-6 base__FixedHeightWrapper-sc-1mnb0pd-41 fop__FixedHeightWrapper-sc-sgv9y1-0 gMlFiL jNtybn viewports-enabled-standard-fop__ViewportsEnabledFop-sc-zsokr2-0 eLImeH reg-price" data-visibility-id="cf6fbe3c-c569-402f-81ee-7872f97258c5"><div class="base__Wrapper-sc-1mnb0pd-6 base__FixedHeightWrapper-sc-1mnb0pd-41 base__FixedHeightSkeleton-sc-1mnb0pd-42 fop__FixedHeightSkeleton-sc-sgv9y1-1 gMlFiL jqVEqi jSMxJV reg-price"></div></div><div class="base__Wrapper-sc-1mnb0pd-6 base__FixedHeightWrapper-sc-1mnb0pd-41 fop__FixedHeightWrapper-sc-sgv9y1-0 gMlFiL jNtybn viewports-enabled-standard-fop__ViewportsEnabledFop-sc-zsokr2-0 eLImeH reg-price" data-visibility-id="5a1de40c-6edb-4af2-8928-15f5843c00cb"><div class="base__Wrapper-sc-1mnb0pd-6 base__FixedHeightWrapper-sc-1mnb0pd-41 base__FixedHeightSkeleton-sc-1mnb0pd-42 fop__FixedHeightSkeleton-sc-sgv9y1-1 gMlFiL jqVEqi jSMxJV reg-price"></div></div><div class="base__Wrapper-sc-1mnb0pd-6 base__FixedHeightWrapper-sc-1mnb0pd-41 fop__FixedHeightWrapper-sc-sgv9y1-0 gMlFiL jNtybn viewports-enabled-standard-fop__ViewportsEnabledFop-sc-zsokr2-0 eLImeH reg-price" data-visibility-id="59821785-b0d5-48a1-8893-8ba029f86b31"><div class="base__Wrapper-sc-1mnb0pd-6 base__FixedHeightWrapper-sc-1mnb0pd-41 base__FixedHeightSkeleton-sc-1mnb0pd-42 fop__FixedHeightSkeleton-sc-sgv9y1-1 gMlFiL jqVEqi jSMxJV reg-price"></div></div><div class="base__Wrapper-sc-1mnb0pd-6 base__FixedHeightWrapper-sc-1mnb0pd-41 fop__FixedHeightWrapper-sc-sgv9y1-0 gMlFiL jNtybn viewports-enabled-standard-fop__ViewportsEnabledFop-sc-zsokr2-0 eLImeH reg-price" data-visibility-id="e854c868-861e-4a93-a7bf-36880d5ed654"><div class="base__Wrapper-sc-1mnb0pd-6 base__FixedHeightWrapper-sc-1mnb0pd-41 base__FixedHeightSkeleton-sc-1mnb0pd-42 fop__FixedHeightSkeleton-sc-sgv9y1-1 gMlFiL jqVEqi jSMxJV reg-price"></div></div><div class="base__Wrapper-sc-1mnb0pd-6 base__FixedHeightWrapper-sc-1mnb0pd-41 fop__FixedHeightWrapper-sc-sgv9y1-0 gMlFiL jNtybn viewports-enabled-standard-fop__ViewportsEnabledFop-sc-zsokr2-0 eLImeH reg-price" data-visibility-id="93f00d43-f376-4f76-a7b6-fc22d7f3906b"><div class="base__Wrapper-sc-1mnb0pd-6 base__FixedHeightWrapper-sc-1mnb0pd-41 base__FixedHeightSkeleton-sc-1mnb0pd-42 fop__FixedHeightSkeleton-sc-sgv9y1-1 gMlFiL jqVEqi jSMxJV reg-price"></div></div><div class="base__Wrapper-sc-1mnb0pd-6 base__FixedHeightWrapper-sc-1mnb0pd-41 fop__FixedHeightWrapper-sc-sgv9y1-0 gMlFiL jNtybn viewports-enabled-standard-fop__ViewportsEnabledFop-sc-zsokr2-0 eLImeH reg-price" data-visibility-id="56e1daf4-bb7e-4dc8-8dbe-79ea7305d4b0"><div class="base__Wrapper-sc-1mnb0pd-6 base__FixedHeightWrapper-sc-1mnb0pd-41 base__FixedHeightSkeleton-sc-1mnb0pd-42 fop__FixedHeightSkeleton-sc-sgv9y1-1 gMlFiL jqVEqi jSMxJV reg-price"></div></div><div class="base__Wrapper-sc-1mnb0pd-6 base__FixedHeightWrapper-sc-1mnb0pd-41 fop__FixedHeightWrapper-sc-sgv9y1-0 gMlFiL jNtybn viewports-enabled-standard-fop__ViewportsEnabledFop-sc-zsokr2-0 eLImeH reg-price" data-visibility-id="5a289818-9555-4785-93b9-37afae63653a"><div class="base__Wrapper-sc-1mnb0pd-6 base__FixedHeightWrapper-sc-1mnb0pd-41 base__FixedHeightSkeleton-sc-1mnb0pd-42 fop__FixedHeightSkeleton-sc-sgv9y1-1 gMlFiL jqVEqi jSMxJV reg-price"></div></div><div class="base__Wrapper-sc-1mnb0pd-6 base__FixedHeightWrapper-sc-1mnb0pd-41 fop__FixedHeightWrapper-sc-sgv9y1-0 gMlFiL jNtybn viewports-enabled-standard-fop__ViewportsEnabledFop-sc-zsokr2-0 eLImeH reg-price" data-visibility-id="daa5cdef-a9ab-4096-a640-5d63dd3e8006"><div class="base__Wrapper-sc-1mnb0pd-6 base__FixedHeightWrapper-sc-1mnb0pd-41 base__FixedHeightSkeleton-sc-1mnb0pd-42 fop__FixedHeightSkeleton-sc-sgv9y1-1 gMlFiL jqVEqi jSMxJV reg-price"></div></div><div class="base__Wrapper-sc-1mnb0pd-6 base__FixedHeightWrapper-sc-1mnb0pd-41 fop__FixedHeightWrapper-sc-sgv9y1-0 gMlFiL jNtybn viewports-enabled-standard-fop__ViewportsEnabledFop-sc-zsokr2-0 eLImeH reg-price" data-visibility-id="dc4ea860-4c24-4b15-b9d0-a19a2a1b1acb"><div class="base__Wrapper-sc-1mnb0pd-6 base__FixedHeightWrapper-sc-1mnb0pd-41 base__FixedHeightSkeleton-sc-1mnb0pd-42 fop__FixedHeightSkeleton-sc-sgv9y1-1 gMlFiL jqVEqi jSMxJV reg-price"></div></div><div class="base__Wrapper-sc-1mnb0pd-6 base__FixedHeightWrapper-sc-1mnb0pd-41 fop__FixedHeightWrapper-sc-sgv9y1-0 gMlFiL jNtybn viewports-enabled-standard-fop__ViewportsEnabledFop-sc-zsokr2-0 eLImeH reg-price" data-visibility-id="869a5526-f281-42db-a8fc-5dd8b95eb6f3"><div class="base__Wrapper-sc-1mnb0pd-6 base__FixedHeightWrapper-sc-1mnb0pd-41 base__FixedHeightSkeleton-sc-1mnb0pd-42 fop__FixedHeightSkeleton-sc-sgv9y1-1 gMlFiL jqVEqi jSMxJV reg-price"></div></div><div class="base__Wrapper-sc-1mnb0pd-6 base__FixedHeightWrapper-sc-1mnb0pd-41 fop__FixedHeightWrapper-sc-sgv9y1-0 gMlFiL jNtybn viewports-enabled-standard-fop__ViewportsEnabledFop-sc-zsokr2-0 eLImeH reg-price" data-visibility-id="e1dac417-2be5-43a8-82b9-f826542a9dba"><div class="base__Wrapper-sc-1mnb0pd-6 base__FixedHeightWrapper-sc-1mnb0pd-41 base__FixedHeightSkeleton-sc-1mnb0pd-42 fop__FixedHeightSkeleton-sc-sgv9y1-1 gMlFiL jqVEqi jSMxJV reg-price"></div></div><div class="base__Wrapper-sc-1mnb0pd-6 base__FixedHeightWrapper-sc-1mnb0pd-41 fop__FixedHeightWrapper-sc-sgv9y1-0 gMlFiL jNtybn viewports-enabled-standard-fop__ViewportsEnabledFop-sc-zsokr2-0 eLImeH reg-price" data-visibility-id="03aecba6-effd-41a2-8d84-b34ede43815f"><div class="base__Wrapper-sc-1mnb0pd-6 base__FixedHeightWrapper-sc-1mnb0pd-41 base__FixedHeightSkeleton-sc-1mnb0pd-42 fop__FixedHeightSkeleton-sc-sgv9y1-1 gMlFiL jqVEqi jSMxJV reg-price"></div></div><div class="base__Wrapper-sc-1mnb0pd-6 base__FixedHeightWrapper-sc-1mnb0pd-41 fop__FixedHeightWrapper-sc-sgv9y1-0 gMlFiL jNtybn viewports-enabled-standard-fop__ViewportsEnabledFop-sc-zsokr2-0 eLImeH reg-price" data-visibility-id="0ea03672-5832-4d53-844f-6e4f8358bfd4"><div class="base__Wrapper-sc-1mnb0pd-6 base__FixedHeightWrapper-sc-1mnb0pd-41 base__FixedHeightSkeleton-sc-1mnb0pd-42 fop__FixedHeightSkeleton-sc-sgv9y1-1 gMlFiL jqVEqi jSMxJV reg-price"></div></div><div class="base__Wrapper-sc-1mnb0pd-6 base__FixedHeightWrapper-sc-1mnb0pd-41 fop__FixedHeightWrapper-sc-sgv9y1-0 gMlFiL jNtybn viewports-enabled-standard-fop__ViewportsEnabledFop-sc-zsokr2-0 eLImeH reg-price" data-visibility-id="60653d75-485d-420b-8fef-db73cf37224c"><div class="base__Wrapper-sc-1mnb0pd-6 base__FixedHeightWrapper-sc-1mnb0pd-41 base__FixedHeightSkeleton-sc-1mnb0pd-42 fop__FixedHeightSkeleton-sc-sgv9y1-1 gMlFiL jqVEqi jSMxJV reg-price"></div></div><div class="base__Wrapper-sc-1mnb0pd-6 base__FixedHeightWrapper-sc-1mnb0pd-41 fop__FixedHeightWrapper-sc-sgv9y1-0 gMlFiL jNtybn viewports-enabled-standard-fop__ViewportsEnabledFop-sc-zsokr2-0 eLImeH reg-price" data-visibility-id="1d66f569-a771-4631-86e3-e844cee0297d"><div class="base__Wrapper-sc-1mnb0pd-6 base__FixedHeightWrapper-sc-1mnb0pd-41 base__FixedHeightSkeleton-sc-1mnb0pd-42 fop__FixedHeightSkeleton-sc-sgv9y1-1 gMlFiL jqVEqi jSMxJV reg-price"></div></div><div class="base__Wrapper-sc-1mnb0pd-6 base__FixedHeightWrapper-sc-1mnb0pd-41 fop__FixedHeightWrapper-sc-sgv9y1-0 gMlFiL jNtybn viewports-enabled-standard-fop__ViewportsEnabledFop-sc-zsokr2-0 eLImeH reg-price" data-visibility-id="233077bc-3379-4825-9338-3c8bf5d7e448"><div class="base__Wrapper-sc-1mnb0pd-6 base__FixedHeightWrapper-sc-1mnb0pd-41 base__FixedHeightSkeleton-sc-1mnb0pd-42 fop__FixedHeightSkeleton-sc-sgv9y1-1 gMlFiL jqVEqi jSMxJV reg-price"></div></div><div class="base__Wrapper-sc-1mnb0pd-6 base__FixedHeightWrapper-sc-1mnb0pd-41 fop__FixedHeightWrapper-sc-sgv9y1-0 gMlFiL jNtybn viewports-enabled-standard-fop__ViewportsEnabledFop-sc-zsokr2-0 eLImeH reg-price" data-visibility-id="d649bbc4-75c2-41d5-b10f-4c46a4a983da"><div class="base__Wrapper-sc-1mnb0pd-6 base__FixedHeightWrapper-sc-1mnb0pd-41 base__FixedHeightSkeleton-sc-1mnb0pd-42 fop__FixedHeightSkeleton-sc-sgv9y1-1 gMlFiL jqVEqi jSMxJV reg-price"></div></div><div class="base__Wrapper-sc-1mnb0pd-6 base__FixedHeightWrapper-sc-1mnb0pd-41 fop__FixedHeightWrapper-sc-sgv9y1-0 gMlFiL jNtybn viewports-enabled-standard-fop__ViewportsEnabledFop-sc-zsokr2-0 eLImeH reg-price" data-visibility-id="ae27747c-2342-48af-97e6-fd8a58446077"><div class="base__Wrapper-sc-1mnb0pd-6 base__FixedHeightWrapper-sc-1mnb0pd-41 base__FixedHeightSkeleton-sc-1mnb0pd-42 fop__FixedHeightSkeleton-sc-sgv9y1-1 gMlFiL jqVEqi jSMxJV reg-price"></div></div><div class="base__Wrapper-sc-1mnb0pd-6 base__FixedHeightWrapper-sc-1mnb0pd-41 fop__FixedHeightWrapper-sc-sgv9y1-0 gMlFiL jNtybn viewports-enabled-standard-fop__ViewportsEnabledFop-sc-zsokr2-0 eLImeH reg-price" data-visibility-id="94aac56f-ec73-446b-a192-f40dd949e118"><div class="base__Wrapper-sc-1mnb0pd-6 base__FixedHeightWrapper-sc-1mnb0pd-41 base__FixedHeightSkeleton-sc-1mnb0pd-42 fop__FixedHeightSkeleton-sc-sgv9y1-1 gMlFiL jqVEqi jSMxJV reg-price"></div></div><div class="base__Wrapper-sc-1mnb0pd-6 base__FixedHeightWrapper-sc-1mnb0pd-41 fop__FixedHeightWrapper-sc-sgv9y1-0 gMlFiL jNtybn viewports-enabled-standard-fop__ViewportsEnabledFop-sc-zsokr2-0 eLImeH reg-price" data-visibility-id="d9d9fe44-8af9-40b0-a7c3-b3ea6057cd1d"><div class="base__Wrapper-sc-1mnb0pd-6 base__FixedHeightWrapper-sc-1mnb0pd-41 base__FixedHeightSkeleton-sc-1mnb0pd-42 fop__FixedHeightSkeleton-sc-sgv9y1-1 gMlFiL jqVEqi jSMxJV reg-price"></div></div><div class="base__Wrapper-sc-1mnb0pd-6 base__FixedHeightWrapper-sc-1mnb0pd-41 fop__FixedHeightWrapper-sc-sgv9y1-0 gMlFiL jNtybn viewports-enabled-standard-fop__ViewportsEnabledFop-sc-zsokr2-0 eLImeH reg-price" data-visibility-id="d3747302-36d0-408a-9ede-9758a0f2d684"><div class="base__Wrapper-sc-1mnb0pd-6 base__FixedHeightWrapper-sc-1mnb0pd-41 base__FixedHeightSkeleton-sc-1mnb0pd-42 fop__FixedHeightSkeleton-sc-sgv9y1-1 gMlFiL jqVEqi jSMxJV reg-price"></div></div><div class="base__Wrapper-sc-1mnb0pd-6 base__FixedHeightWrapper-sc-1mnb0pd-41 fop__FixedHeightWrapper-sc-sgv9y1-0 gMlFiL jNtybn viewports-enabled-standard-fop__ViewportsEnabledFop-sc-zsokr2-0 eLImeH reg-price" data-visibility-id="030bb89f-20a1-47db-a77f-5e3e3cc7e10b"><div class="base__Wrapper-sc-1mnb0pd-6 base__FixedHeightWrapper-sc-1mnb0pd-41 base__FixedHeightSkeleton-sc-1mnb0pd-42 fop__FixedHeightSkeleton-sc-sgv9y1-1 gMlFiL jqVEqi jSMxJV reg-price"></div></div><div class="base__Wrapper-sc-1mnb0pd-6 base__FixedHeightWrapper-sc-1mnb0pd-41 fop__FixedHeightWrapper-sc-sgv9y1-0 gMlFiL jNtybn viewports-enabled-standard-fop__ViewportsEnabledFop-sc-zsokr2-0 eLImeH reg-price" data-visibility-id="b175c0ea-841b-46ed-b026-4a4316485944"><div class="base__Wrapper-sc-1mnb0pd-6 base__FixedHeightWrapper-sc-1mnb0pd-41 base__FixedHeightSkeleton-sc-1mnb0pd-42 fop__FixedHeightSkeleton-sc-sgv9y1-1 gMlFiL jqVEqi jSMxJV reg-price"></div></div><div class="base__Wrapper-sc-1mnb0pd-6 base__FixedHeightWrapper-sc-1mnb0pd-41 fop__FixedHeightWrapper-sc-sgv9y1-0 gMlFiL jNtybn viewports-enabled-standard-fop__ViewportsEnabledFop-sc-zsokr2-0 eLImeH reg-price" data-visibility-id="4e9f9f9c-2d43-4e4f-a566-8ac916096b4c"><div class="base__Wrapper-sc-1mnb0pd-6 base__FixedHeightWrapper-sc-1mnb0pd-41 base__FixedHeightSkeleton-sc-1mnb0pd-42 fop__FixedHeightSkeleton-sc-sgv9y1-1 gMlFiL jqVEqi jSMxJV reg-price"></div></div><div class="base__Wrapper-sc-1mnb0pd-6 base__FixedHeightWrapper-sc-1mnb0pd-41 fop__FixedHeightWrapper-sc-sgv9y1-0 gMlFiL jNtybn viewports-enabled-standard-fop__ViewportsEnabledFop-sc-zsokr2-0 eLImeH reg-price" data-visibility-id="b48e9d94-7ea8-49bf-b420-b7c0180c6b45"><div class="base__Wrapper-sc-1mnb0pd-6 base__FixedHeightWrapper-sc-1mnb0pd-41 base__FixedHeightSkeleton-sc-1mnb0pd-42 fop__FixedHeightSkeleton-sc-sgv9y1-1 gMlFiL jqVEqi jSMxJV reg-price"></div></div><div class="base__Wrapper-sc-1mnb0pd-6 base__FixedHeightWrapper-sc-1mnb0pd-41 fop__FixedHeightWrapper-sc-sgv9y1-0 gMlFiL jNtybn viewports-enabled-standard-fop__ViewportsEnabledFop-sc-zsokr2-0 eLImeH reg-price" data-visibility-id="f7a18888-063b-4fb4-8aa6-98c481546b57"><div class="base__Wrapper-sc-1mnb0pd-6 base__FixedHeightWrapper-sc-1mnb0pd-41 base__FixedHeightSkeleton-sc-1mnb0pd-42 fop__FixedHeightSkeleton-sc-sgv9y1-1 gMlFiL jqVEqi jSMxJV reg-price"></div></div><div class="base__Wrapper-sc-1mnb0pd-6 base__FixedHeightWrapper-sc-1mnb0pd-41 fop__FixedHeightWrapper-sc-sgv9y1-0 gMlFiL jNtybn viewports-enabled-standard-fop__ViewportsEnabledFop-sc-zsokr2-0 eLImeH reg-price" data-visibility-id="accfb7d5-7a71-4bd8-9519-3ca0e929b5ff"><div class="base__Wrapper-sc-1mnb0pd-6 base__FixedHeightWrapper-sc-1mnb0pd-41 base__FixedHeightSkeleton-sc-1mnb0pd-42 fop__FixedHeightSkeleton-sc-sgv9y1-1 gMlFiL jqVEqi jSMxJV reg-price"></div></div><div class="base__Wrapper-sc-1mnb0pd-6 base__FixedHeightWrapper-sc-1mnb0pd-41 fop__FixedHeightWrapper-sc-sgv9y1-0 gMlFiL jNtybn viewports-enabled-standard-fop__ViewportsEnabledFop-sc-zsokr2-0 eLImeH reg-price" data-visibility-id="98ceae02-6c14-47ed-a7e8-ab31c39e190c"><div class="base__Wrapper-sc-1mnb0pd-6 base__FixedHeightWrapper-sc-1mnb0pd-41 base__FixedHeightSkeleton-sc-1mnb0pd-42 fop__FixedHeightSkeleton-sc-sgv9y1-1 gMlFiL jqVEqi jSMxJV reg-price"></div></div><div class="base__Wrapper-sc-1mnb0pd-6 base__FixedHeightWrapper-sc-1mnb0pd-41 fop__FixedHeightWrapper-sc-sgv9y1-0 gMlFiL jNtybn viewports-enabled-standard-fop__ViewportsEnabledFop-sc-zsokr2-0 eLImeH reg-price" data-visibility-id="a4991ab0-7d16-4a8d-8ba0-7642296714a8"><div class="base__Wrapper-sc-1mnb0pd-6 base__FixedHeightWrapper-sc-1mnb0pd-41 base__FixedHeightSkeleton-sc-1mnb0pd-42 fop__FixedHeightSkeleton-sc-sgv9y1-1 gMlFiL jqVEqi jSMxJV reg-price"></div></div><div class="base__Wrapper-sc-1mnb0pd-6 base__FixedHeightWrapper-sc-1mnb0pd-41 fop__FixedHeightWrapper-sc-sgv9y1-0 gMlFiL jNtybn viewports-enabled-standard-fop__ViewportsEnabledFop-sc-zsokr2-0 eLImeH reg-price" data-visibility-id="e532f3e4-95e3-4d9a-8dcd-369e07c5a6bf"><div class="base__Wrapper-sc-1mnb0pd-6 base__FixedHeightWrapper-sc-1mnb0pd-41 base__FixedHeightSkeleton-sc-1mnb0pd-42 fop__FixedHeightSkeleton-sc-sgv9y1-1 gMlFiL jqVEqi jSMxJV reg-price"></div></div><div class="base__Wrapper-sc-1mnb0pd-6 base__FixedHeightWrapper-sc-1mnb0pd-41 fop__FixedHeightWrapper-sc-sgv9y1-0 gMlFiL jNtybn viewports-enabled-standard-fop__ViewportsEnabledFop-sc-zsokr2-0 eLImeH reg-price" data-visibility-id="befec1e2-5286-46c7-a3be-fbdf462ddf39" data-test="fop-wrapper:befec1e2-5286-46c7-a3be-fbdf462ddf39"><div class="base__BreadcrumbHeader-sc-1mnb0pd-0 iFkuNn"></div><div class="box__Box-sc-eqtis8-0 base__BoxCard-sc-1mnb0pd-5 eepUEu kPZdrA"><div class="base__Header-sc-1mnb0pd-11 hKanCO"><div class="base__Media-sc-1mnb0pd-12 hfYvmL"><div class="base__ImageTopBar-sc-1mnb0pd-14 htbmfX"><div class="flex__Flex-sc-mmemlz-0 aQbjH"><div class="flex__Flex-sc-nm253f-0 base__ImageTopBarTopRow-sc-1mnb0pd-15 hCtgtf kWTiUu"></div></div></div><a href="https://handlaprivatkund.ica.se/stores/1015001/products/Mj%C3%B6lkchoklad-39g-Fazer/1402329" data-synthetics="bop-link" class="link__Link-sc-14ymsi2-0 dSyqLR base__ImageWrapper-sc-1mnb0pd-23 iEwlm"><div><span class="_vc_1mycs_1">MjÃ¶lkchoklad 39g Fazer</span><div class="placeholder__Placeholder-sc-12tijhw-0 image__PlaceholderImage-sc-1s1078q-0 hnAXPc fjsVAk"></div></div></a></div></div><div class="flex__Flex-sc-nm253f-0 base__BodyContainer-sc-1mnb0pd-33 hCtgtf ldErvm"><div data-test="fop-body" class="base__Body-sc-1mnb0pd-34 gRNUPx"><h3 class="text__Text-sc-6l1yjp-0 iWlLMY"><a href="https://handlaprivatkund.ica.se/stores/1015001/products/Mj%C3%B6lkchoklad-39g-Fazer/1402329" data-test="fop-product-link" tabindex="-1" class="link__Link-sc-14ymsi2-0 dSyqLR link__Link-sc-14ymsi2-0 base__Title-sc-1mnb0pd-27 base__FixedHeightTitle-sc-1mnb0pd-43 dSyqLR ctGnCh cCRJZx">MjÃ¶lkchoklad 39g Fazer</a></h3><div data-test="fop-offer"><div class="base__OfferContainer-sc-1mnb0pd-39 fop__OfferContainer-sc-sgv9y1-9 gWPOHe Uumoi"></div></div><div data-test="fop-size"><div class="base__Size-sc-1mnb0pd-37 fop__SizeContainer-sc-sgv9y1-3 fwBToe fHyhGh"><span class="text__Text-sc-6l1yjp-0 base__SizeText-sc-1mnb0pd-38 fop__SizeText-sc-sgv9y1-4 bhymDA iImbUZ jrvLpU">0.039kg</span><span class="text__Text-sc-6l1yjp-0 standard-promotion__PromotionIntentText-sc-1vpsrpe-2 fop__PricePerText-sc-sgv9y1-5 dLNLFE kxmtvg eNYENy">(229,49&nbsp;kr/kg)</span></div></div><div data-test="fop-price-wrapper" class="base__PriceWrapper-sc-1mnb0pd-28 dDLLyP"><strong data-test="fop-price" class="base__Price-sc-1mnb0pd-29 sc-ksdxAp gsTqdV jgzQed">8,95&nbsp;kr</strong></div></div><div class="base__Footer-sc-1mnb0pd-35 OzclY"><div class="spacing__Spacing-sc-ngu0v9-0 jGPXUg"><span aria-live="polite" aria-relevant="text" class="text__Text-sc-6l1yjp-0 cYotRp">Du har 0 av den hÃ¤r varan i kundvagnen</span><div data-synthetics="product-id:befec1e2-5286-46c7-a3be-fbdf462ddf39" data-test="fop-counter" class="counter__Container-sc-6up7sl-0 dhaHDi counter__StyledCounter-sc-gr2i7v-0 gwtRzC"><button type="button" data-synthetics="add-button" data-test="counter-button" aria-label="LÃ¤gg till MjÃ¶lkchoklad 39g Fazer i kundvagn" class="base-button__BaseButton-sc-1gkygj5-0 counter__Operator-sc-6up7sl-3 hdBVDE fUBxOO counter__StyledCounter-sc-gr2i7v-0 gwtRzC">LÃ¤gg till</button></div></div></div></div></div></div><div class="base__Wrapper-sc-1mnb0pd-6 base__FixedHeightWrapper-sc-1mnb0pd-41 fop__FixedHeightWrapper-sc-sgv9y1-0 gMlFiL jNtybn viewports-enabled-standard-fop__ViewportsEnabledFop-sc-zsokr2-0 eLImeH reg-price" data-visibility-id="620ce981-0ac1-42ab-8172-f6cc40dea11c" data-test="fop-wrapper:620ce981-0ac1-42ab-8172-f6cc40dea11c"><div class="base__BreadcrumbHeader-sc-1mnb0pd-0 iFkuNn"></div><div class="box__Box-sc-eqtis8-0 base__BoxCard-sc-1mnb0pd-5 eepUEu kPZdrA"><div class="base__Header-sc-1mnb0pd-11 hKanCO"><div class="base__Media-sc-1mnb0pd-12 hfYvmL"><div class="base__ImageTopBar-sc-1mnb0pd-14 htbmfX"><div class="flex__Flex-sc-mmemlz-0 aQbjH"><div class="flex__Flex-sc-nm253f-0 base__ImageTopBarTopRow-sc-1mnb0pd-15 hCtgtf kWTiUu"></div></div></div><a href="https://handlaprivatkund.ica.se/stores/1015001/products/Choklad-med-marsipan-100g-Ritter-Sport/2084379" data-synthetics="bop-link" class="link__Link-sc-14ymsi2-0 dSyqLR base__ImageWrapper-sc-1mnb0pd-23 iEwlm"><div><span class="_vc_1mycs_1">Choklad med marsipan 100g Ritter Sport</span><div class="placeholder__Placeholder-sc-12tijhw-0 image__PlaceholderImage-sc-1s1078q-0 hnAXPc fjsVAk"></div></div></a></div></div><div class="flex__Flex-sc-nm253f-0 base__BodyContainer-sc-1mnb0pd-33 hCtgtf ldErvm"><div data-test="fop-body" class="base__Body-sc-1mnb0pd-34 gRNUPx"><h3 class="text__Text-sc-6l1yjp-0 iWlLMY"><a href="https://handlaprivatkund.ica.se/stores/1015001/products/Choklad-med-marsipan-100g-Ritter-Sport/2084379" data-test="fop-product-link" tabindex="-1" class="link__Link-sc-14ymsi2-0 dSyqLR link__Link-sc-14ymsi2-0 base__Title-sc-1mnb0pd-27 base__FixedHeightTitle-sc-1mnb0pd-43 dSyqLR ctGnCh cCRJZx">Choklad med marsipan 100g Ritter Sport</a></h3><div data-test="fop-offer"><div class="base__OfferContainer-sc-1mnb0pd-39 fop__OfferContainer-sc-sgv9y1-9 gWPOHe Uumoi"></div></div><div data-test="fop-size"><div class="base__Size-sc-1mnb0pd-37 fop__SizeContainer-sc-sgv9y1-3 fwBToe fHyhGh"><span class="text__Text-sc-6l1yjp-0 base__SizeText-sc-1mnb0pd-38 fop__SizeText-sc-sgv9y1-4 bhymDA iImbUZ jrvLpU">0.1kg</span><span class="text__Text-sc-6l1yjp-0 standard-promotion__PromotionIntentText-sc-1vpsrpe-2 fop__PricePerText-sc-sgv9y1-5 dLNLFE kxmtvg eNYENy">(189,50&nbsp;kr/kg)</span></div></div><div data-test="fop-price-wrapper" class="base__PriceWrapper-sc-1mnb0pd-28 dDLLyP"><strong data-test="fop-price" class="base__Price-sc-1mnb0pd-29 sc-ksdxAp gsTqdV jgzQed">18,95&nbsp;kr</strong></div></div><div class="base__Footer-sc-1mnb0pd-35 OzclY"><div class="spacing__Spacing-sc-ngu0v9-0 jGPXUg"><span aria-live="polite" aria-relevant="text" class="text__Text-sc-6l1yjp-0 cYotRp">Du har 0 av den hÃ¤r varan i kundvagnen</span><div data-synthetics="product-id:620ce981-0ac1-42ab-8172-f6cc40dea11c" data-test="fop-counter" class="counter__Container-sc-6up7sl-0 dhaHDi counter__StyledCounter-sc-gr2i7v-0 gwtRzC"><button type="button" data-synthetics="add-button" data-test="counter-button" aria-label="LÃ¤gg till Choklad med marsipan 100g Ritter Sport i kundvagn" class="base-button__BaseButton-sc-1gkygj5-0 counter__Operator-sc-6up7sl-3 hdBVDE fUBxOO counter__StyledCounter-sc-gr2i7v-0 gwtRzC">LÃ¤gg till</button></div></div></div></div></div></div><div class="base__Wrapper-sc-1mnb0pd-6 base__FixedHeightWrapper-sc-1mnb0pd-41 fop__FixedHeightWrapper-sc-sgv9y1-0 gMlFiL jNtybn viewports-enabled-standard-fop__ViewportsEnabledFop-sc-zsokr2-0 eLImeH reg-price" data-visibility-id="897fcc2f-bcd6-4fd2-8bf1-573fae697edd" data-test="fop-wrapper:897fcc2f-bcd6-4fd2-8bf1-573fae697edd"><div class="base__BreadcrumbHeader-sc-1mnb0pd-0 iFkuNn"></div><div class="box__Box-sc-eqtis8-0 base__BoxCard-sc-1mnb0pd-5 eepUEu kPZdrA"><div class="base__Header-sc-1mnb0pd-11 hKanCO"><div class="base__Media-sc-1mnb0pd-12 hfYvmL"><div class="base__ImageTopBar-sc-1mnb0pd-14 htbmfX"><div class="flex__Flex-sc-mmemlz-0 aQbjH"><div class="flex__Flex-sc-nm253f-0 base__ImageTopBarTopRow-sc-1mnb0pd-15 hCtgtf kWTiUu"></div></div></div><div class="base__ImageBottomBar-sc-1mnb0pd-22 fnUTQB"><div class="base__ProductAttributes-sc-1mnb0pd-25 bKorYI"><span title="Rainforest Alliance certifierad" data-test="lifestyle-icon__rainforest-alliance" class="product-attribute-icon__ProductAttributeIconSvg-sc-40nmqh-0 base__ProductAttribute-sc-1mnb0pd-26 fVwPNQ"><svg><use href="#svg-rainforest-alliance"></use></svg></span></div></div><a href="https://handlaprivatkund.ica.se/stores/1015001/products/Choklad-KitKat-4-finger-Vegan-41-5g-NESTL%C3%89/2100056" data-synthetics="bop-link" class="link__Link-sc-14ymsi2-0 dSyqLR base__ImageWrapper-sc-1mnb0pd-23 iEwlm"><div><span class="_vc_1mycs_1">Choklad KitKat 4-finger Vegan 41.5g NESTLÃ Rainforest Alliance certifierad</span><div class="placeholder__Placeholder-sc-12tijhw-0 image__PlaceholderImage-sc-1s1078q-0 hnAXPc fjsVAk"></div></div></a></div></div><div class="flex__Flex-sc-nm253f-0 base__BodyContainer-sc-1mnb0pd-33 hCtgtf ldErvm"><div data-test="fop-body" class="base__Body-sc-1mnb0pd-34 gRNUPx"><h3 class="text__Text-sc-6l1yjp-0 iWlLMY"><a href="https://handlaprivatkund.ica.se/stores/1015001/products/Choklad-KitKat-4-finger-Vegan-41-5g-NESTL%C3%89/2100056" data-test="fop-product-link" tabindex="-1" class="link__Link-sc-14ymsi2-0 dSyqLR link__Link-sc-14ymsi2-0 base__Title-sc-1mnb0pd-27 base__FixedHeightTitle-sc-1mnb0pd-43 dSyqLR ctGnCh cCRJZx">Choklad KitKat 4-finger Vegan 41.5g NESTLÃ</a></h3><div data-test="fop-offer"><div class="base__OfferContainer-sc-1mnb0pd-39 fop__OfferContainer-sc-sgv9y1-9 gWPOHe Uumoi"></div></div><div data-test="fop-size"><div class="base__Size-sc-1mnb0pd-37 fop__SizeContainer-sc-sgv9y1-3 fwBToe fHyhGh"><span class="text__Text-sc-6l1yjp-0 base__SizeText-sc-1mnb0pd-38 fop__SizeText-sc-sgv9y1-4 bhymDA iImbUZ jrvLpU">0.042kg</span><span class="text__Text-sc-6l1yjp-0 standard-promotion__PromotionIntentText-sc-1vpsrpe-2 fop__PricePerText-sc-sgv9y1-5 dLNLFE kxmtvg eNYENy">(308,33&nbsp;kr/kg)</span></div></div><div data-test="fop-price-wrapper" class="base__PriceWrapper-sc-1mnb0pd-28 dDLLyP"><strong data-test="fop-price" class="base__Price-sc-1mnb0pd-29 sc-ksdxAp gsTqdV jgzQed">12,95&nbsp;kr</strong></div></div><div class="base__Footer-sc-1mnb0pd-35 OzclY"><div class="spacing__Spacing-sc-ngu0v9-0 jGPXUg"><span aria-live="polite" aria-relevant="text" class="text__Text-sc-6l1yjp-0 cYotRp">Du har 0 av den hÃ¤r varan i kundvagnen</span><div data-synthetics="product-id:897fcc2f-bcd6-4fd2-8bf1-573fae697edd" data-test="fop-counter" class="counter__Container-sc-6up7sl-0 dhaHDi counter__StyledCounter-sc-gr2i7v-0 gwtRzC"><button type="button" data-synthetics="add-button" data-test="counter-button" aria-label="LÃ¤gg till Choklad KitKat 4-finger Vegan 41.5g NESTLÃ i kundvagn" class="base-button__BaseButton-sc-1gkygj5-0 counter__Operator-sc-6up7sl-3 hdBVDE fUBxOO counter__StyledCounter-sc-gr2i7v-0 gwtRzC">LÃ¤gg till</button></div></div></div></div></div></div><div class="base__Wrapper-sc-1mnb0pd-6 base__FixedHeightWrapper-sc-1mnb0pd-41 fop__FixedHeightWrapper-sc-sgv9y1-0 gMlFiL jNtybn viewports-enabled-standard-fop__ViewportsEnabledFop-sc-zsokr2-0 eLImeH reg-price" data-visibility-id="d2488574-e60c-4f3b-b80a-c5596bf946dc" data-test="fop-wrapper:d2488574-e60c-4f3b-b80a-c5596bf946dc"><div class="base__BreadcrumbHeader-sc-1mnb0pd-0 iFkuNn"></div><div class="box__Box-sc-eqtis8-0 base__BoxCard-sc-1mnb0pd-5 eepUEu kPZdrA"><div class="base__Header-sc-1mnb0pd-11 hKanCO"><div class="base__Media-sc-1mnb0pd-12 hfYvmL"><div class="base__ImageTopBar-sc-1mnb0pd-14 htbmfX"><div class="flex__Flex-sc-mmemlz-0 aQbjH"><div class="flex__Flex-sc-nm253f-0 base__ImageTopBarTopRow-sc-1mnb0pd-15 hCtgtf kWTiUu"></div></div></div><a href="https://handlaprivatkund.ica.se/stores/1015001/products/Choklad-Big-taste-Japp-Peanut-caramel-276g-Marabou/2018563" data-synthetics="bop-link" class="link__Link-sc-14ymsi2-0 dSyqLR base__ImageWrapper-sc-1mnb0pd-23 iEwlm"><div><span class="_vc_1mycs_1">Choklad Big taste Japp Peanut caramel 276g Marabou</span><div class="placeholder__Placeholder-sc-12tijhw-0 image__PlaceholderImage-sc-1s1078q-0 hnAXPc fjsVAk"></div></div></a></div></div><div class="flex__Flex-sc-nm253f-0 base__BodyContainer-sc-1mnb0pd-33 hCtgtf ldErvm"><div data-test="fop-body" class="base__Body-sc-1mnb0pd-34 gRNUPx"><h3 class="text__Text-sc-6l1yjp-0 iWlLMY"><a href="https://handlaprivatkund.ica.se/stores/1015001/products/Choklad-Big-taste-Japp-Peanut-caramel-276g-Marabou/2018563" data-test="fop-product-link" tabindex="-1" class="link__Link-sc-14ymsi2-0 dSyqLR link__Link-sc-14ymsi2-0 base__Title-sc-1mnb0pd-27 base__FixedHeightTitle-sc-1mnb0pd-43 dSyqLR ctGnCh cCRJZx">Choklad Big taste Japp Peanut caramel 276g Marabou</a></h3><div data-test="fop-offer"><div class="base__OfferContainer-sc-1mnb0pd-39 fop__OfferContainer-sc-sgv9y1-9 gWPOHe Uumoi"></div></div><div data-test="fop-size"><div class="base__Size-sc-1mnb0pd-37 fop__SizeContainer-sc-sgv9y1-3 fwBToe fHyhGh"><span class="text__Text-sc-6l1yjp-0 base__SizeText-sc-1mnb0pd-38 fop__SizeText-sc-sgv9y1-4 bhymDA iImbUZ jrvLpU">0.276kg</span><span class="text__Text-sc-6l1yjp-0 standard-promotion__PromotionIntentText-sc-1vpsrpe-2 fop__PricePerText-sc-sgv9y1-5 dLNLFE kxmtvg eNYENy">(144,75&nbsp;kr/kg)</span></div></div><div data-test="fop-price-wrapper" class="base__PriceWrapper-sc-1mnb0pd-28 dDLLyP"><strong data-test="fop-price" class="base__Price-sc-1mnb0pd-29 sc-ksdxAp gsTqdV jgzQed">39,95&nbsp;kr</strong></div></div><div class="base__Footer-sc-1mnb0pd-35 OzclY"><div class="spacing__Spacing-sc-ngu0v9-0 jGPXUg"><span aria-live="polite" aria-relevant="text" class="text__Text-sc-6l1yjp-0 cYotRp">Du har 0 av den hÃ¤r varan i kundvagnen</span><div data-synthetics="product-id:d2488574-e60c-4f3b-b80a-c5596bf946dc" data-test="fop-counter" class="counter__Container-sc-6up7sl-0 dhaHDi counter__StyledCounter-sc-gr2i7v-0 gwtRzC"><button type="button" data-synthetics="add-button" data-test="counter-button" aria-label="LÃ¤gg till Choklad Big taste Japp Peanut caramel 276g Marabou i kundvagn" class="base-button__BaseButton-sc-1gkygj5-0 counter__Operator-sc-6up7sl-3 hdBVDE fUBxOO counter__StyledCounter-sc-gr2i7v-0 gwtRzC">LÃ¤gg till</button></div></div></div></div></div></div><div class="base__Wrapper-sc-1mnb0pd-6 base__FixedHeightWrapper-sc-1mnb0pd-41 fop__FixedHeightWrapper-sc-sgv9y1-0 gMlFiL jNtybn viewports-enabled-standard-fop__ViewportsEnabledFop-sc-zsokr2-0 eLImeH reg-price" data-visibility-id="6dd5c3eb-eb0d-48f5-9261-c5534418516a" data-test="fop-wrapper:6dd5c3eb-eb0d-48f5-9261-c5534418516a"><div class="base__BreadcrumbHeader-sc-1mnb0pd-0 iFkuNn"></div><div class="box__Box-sc-eqtis8-0 base__BoxCard-sc-1mnb0pd-5 eepUEu kPZdrA"><div class="base__Header-sc-1mnb0pd-11 hKanCO"><div class="base__Media-sc-1mnb0pd-12 hfYvmL"><div class="base__ImageTopBar-sc-1mnb0pd-14 htbmfX"><div class="flex__Flex-sc-mmemlz-0 aQbjH"><div class="flex__Flex-sc-nm253f-0 base__ImageTopBarTopRow-sc-1mnb0pd-15 hCtgtf kWTiUu"></div></div></div><div class="base__ImageBottomBar-sc-1mnb0pd-22 fnUTQB"><div class="base__ProductAttributes-sc-1mnb0pd-25 bKorYI"><span title="Rainforest Alliance certifierad" data-test="lifestyle-icon__rainforest-alliance" class="product-attribute-icon__ProductAttributeIconSvg-sc-40nmqh-0 base__ProductAttribute-sc-1mnb0pd-26 fVwPNQ"><svg><use href="#svg-rainforest-alliance"></use></svg></span></div></div><a href="https://handlaprivatkund.ica.se/stores/1015001/products/Plopp-Salty-Licorice-80g-Cloetta/2100049" data-synthetics="bop-link" class="link__Link-sc-14ymsi2-0 dSyqLR base__ImageWrapper-sc-1mnb0pd-23 iEwlm"><div><span class="_vc_1mycs_1">Plopp Salty Licorice 80g Cloetta Rainforest Alliance certifierad</span><div class="placeholder__Placeholder-sc-12tijhw-0 image__PlaceholderImage-sc-1s1078q-0 hnAXPc fjsVAk"></div></div></a></div></div><div class="flex__Flex-sc-nm253f-0 base__BodyContainer-sc-1mnb0pd-33 hCtgtf ldErvm"><div data-test="fop-body" class="base__Body-sc-1mnb0pd-34 gRNUPx"><h3 class="text__Text-sc-6l1yjp-0 iWlLMY"><a href="https://handlaprivatkund.ica.se/stores/1015001/products/Plopp-Salty-Licorice-80g-Cloetta/2100049" data-test="fop-product-link" tabindex="-1" class="link__Link-sc-14ymsi2-0 dSyqLR link__Link-sc-14ymsi2-0 base__Title-sc-1mnb0pd-27 base__FixedHeightTitle-sc-1mnb0pd-43 dSyqLR ctGnCh cCRJZx">Plopp Salty Licorice 80g Cloetta</a></h3><div data-test="fop-offer"><div class="base__OfferContainer-sc-1mnb0pd-39 fop__OfferContainer-sc-sgv9y1-9 gWPOHe Uumoi"></div></div><div data-test="fop-size"><div class="base__Size-sc-1mnb0pd-37 fop__SizeContainer-sc-sgv9y1-3 fwBToe fHyhGh"><span class="text__Text-sc-6l1yjp-0 base__SizeText-sc-1mnb0pd-38 fop__SizeText-sc-sgv9y1-4 bhymDA iImbUZ jrvLpU">0.08kg</span><span class="text__Text-sc-6l1yjp-0 standard-promotion__PromotionIntentText-sc-1vpsrpe-2 fop__PricePerText-sc-sgv9y1-5 dLNLFE kxmtvg eNYENy">(186,88&nbsp;kr/kg)</span></div></div><div data-test="fop-price-wrapper" class="base__PriceWrapper-sc-1mnb0pd-28 dDLLyP"><strong data-test="fop-price" class="base__Price-sc-1mnb0pd-29 sc-ksdxAp gsTqdV jgzQed">14,95&nbsp;kr</strong></div></div><div class="base__Footer-sc-1mnb0pd-35 OzclY"><div class="spacing__Spacing-sc-ngu0v9-0 jGPXUg"><span aria-live="polite" aria-relevant="text" class="text__Text-sc-6l1yjp-0 cYotRp">Du har 0 av den hÃ¤r varan i kundvagnen</span><div data-synthetics="product-id:6dd5c3eb-eb0d-48f5-9261-c5534418516a" data-test="fop-counter" class="counter__Container-sc-6up7sl-0 dhaHDi counter__StyledCounter-sc-gr2i7v-0 gwtRzC"><button type="button" data-synthetics="add-button" data-test="counter-button" aria-label="LÃ¤gg till Plopp Salty Licorice 80g Cloetta i kundvagn" class="base-button__BaseButton-sc-1gkygj5-0 counter__Operator-sc-6up7sl-3 hdBVDE fUBxOO counter__StyledCounter-sc-gr2i7v-0 gwtRzC">LÃ¤gg till</button></div></div></div></div></div></div><div class="base__Wrapper-sc-1mnb0pd-6 base__FixedHeightWrapper-sc-1mnb0pd-41 fop__FixedHeightWrapper-sc-sgv9y1-0 gMlFiL jNtybn viewports-enabled-standard-fop__ViewportsEnabledFop-sc-zsokr2-0 eLImeH reg-price" data-visibility-id="490c661d-6097-4f7e-a575-532bfce3d3c8" data-test="fop-wrapper:490c661d-6097-4f7e-a575-532bfce3d3c8"><div class="base__BreadcrumbHeader-sc-1mnb0pd-0 iFkuNn"></div><div class="box__Box-sc-eqtis8-0 base__BoxCard-sc-1mnb0pd-5 eepUEu kPZdrA"><div class="base__Header-sc-1mnb0pd-11 hKanCO"><div class="base__Media-sc-1mnb0pd-12 hfYvmL"><div class="base__ImageTopBar-sc-1mnb0pd-14 htbmfX"><div class="flex__Flex-sc-mmemlz-0 aQbjH"><div class="flex__Flex-sc-nm253f-0 base__ImageTopBarTopRow-sc-1mnb0pd-15 hCtgtf kWTiUu"></div></div></div><a href="https://handlaprivatkund.ica.se/stores/1015001/products/Choklad-Hasseln%C3%B6t-100g-Ritter/2084381" data-synthetics="bop-link" class="link__Link-sc-14ymsi2-0 dSyqLR base__ImageWrapper-sc-1mnb0pd-23 iEwlm"><div><span class="_vc_1mycs_1">Choklad HasselnÃ¶t 100g Ritter</span><div class="placeholder__Placeholder-sc-12tijhw-0 image__PlaceholderImage-sc-1s1078q-0 hnAXPc fjsVAk"></div></div></a></div></div><div class="flex__Flex-sc-nm253f-0 base__BodyContainer-sc-1mnb0pd-33 hCtgtf ldErvm"><div data-test="fop-body" class="base__Body-sc-1mnb0pd-34 gRNUPx"><h3 class="text__Text-sc-6l1yjp-0 iWlLMY"><a href="https://handlaprivatkund.ica.se/stores/1015001/products/Choklad-Hasseln%C3%B6t-100g-Ritter/2084381" data-test="fop-product-link" tabindex="-1" class="link__Link-sc-14ymsi2-0 dSyqLR link__Link-sc-14ymsi2-0 base__Title-sc-1mnb0pd-27 base__FixedHeightTitle-sc-1mnb0pd-43 dSyqLR ctGnCh cCRJZx">Choklad HasselnÃ¶t 100g Ritter</a></h3><div data-test="fop-offer"><div class="base__OfferContainer-sc-1mnb0pd-39 fop__OfferContainer-sc-sgv9y1-9 gWPOHe Uumoi"></div></div><div data-test="fop-size"><div class="base__Size-sc-1mnb0pd-37 fop__SizeContainer-sc-sgv9y1-3 fwBToe fHyhGh"><span class="text__Text-sc-6l1yjp-0 base__SizeText-sc-1mnb0pd-38 fop__SizeText-sc-sgv9y1-4 bhymDA iImbUZ jrvLpU">0.1kg</span><span class="text__Text-sc-6l1yjp-0 standard-promotion__PromotionIntentText-sc-1vpsrpe-2 fop__PricePerText-sc-sgv9y1-5 dLNLFE kxmtvg eNYENy">(189,50&nbsp;kr/kg)</span></div></div><div data-test="fop-price-wrapper" class="base__PriceWrapper-sc-1mnb0pd-28 dDLLyP"><strong data-test="fop-price" class="base__Price-sc-1mnb0pd-29 sc-ksdxAp gsTqdV jgzQed">18,95&nbsp;kr</strong></div></div><div class="base__Footer-sc-1mnb0pd-35 OzclY"><div class="spacing__Spacing-sc-ngu0v9-0 jGPXUg"><span aria-live="polite" aria-relevant="text" class="text__Text-sc-6l1yjp-0 cYotRp">Du har 0 av den hÃ¤r varan i kundvagnen</span><div data-synthetics="product-id:490c661d-6097-4f7e-a575-532bfce3d3c8" data-test="fop-counter" class="counter__Container-sc-6up7sl-0 dhaHDi counter__StyledCounter-sc-gr2i7v-0 gwtRzC"><button type="button" data-synthetics="add-button" data-test="counter-button" aria-label="LÃ¤gg till Choklad HasselnÃ¶t 100g Ritter i kundvagn" class="base-button__BaseButton-sc-1gkygj5-0 counter__Operator-sc-6up7sl-3 hdBVDE fUBxOO counter__StyledCounter-sc-gr2i7v-0 gwtRzC">LÃ¤gg till</button></div></div></div></div></div></div><div class="base__Wrapper-sc-1mnb0pd-6 base__FixedHeightWrapper-sc-1mnb0pd-41 fop__FixedHeightWrapper-sc-sgv9y1-0 gMlFiL jNtybn viewports-enabled-standard-fop__ViewportsEnabledFop-sc-zsokr2-0 eLImeH reg-price" data-visibility-id="d2f51f5d-a44f-4772-928b-92d87cd95446" data-test="fop-wrapper:d2f51f5d-a44f-4772-928b-92d87cd95446"><div class="base__BreadcrumbHeader-sc-1mnb0pd-0 iFkuNn"></div><div class="box__Box-sc-eqtis8-0 base__BoxCard-sc-1mnb0pd-5 eepUEu kPZdrA"><div class="base__Header-sc-1mnb0pd-11 hKanCO"><div class="base__Media-sc-1mnb0pd-12 hfYvmL"><div class="base__ImageTopBar-sc-1mnb0pd-14 htbmfX"><div class="flex__Flex-sc-mmemlz-0 aQbjH"><div class="flex__Flex-sc-nm253f-0 base__ImageTopBarTopRow-sc-1mnb0pd-15 hCtgtf kWTiUu"></div></div></div><a href="https://handlaprivatkund.ica.se/stores/1015001/products/Chokladkaka-Mj%C3%B6lkchoklad-24g-Marabou/1001083" data-synthetics="bop-link" class="link__Link-sc-14ymsi2-0 dSyqLR base__ImageWrapper-sc-1mnb0pd-23 iEwlm"><div><span class="_vc_1mycs_1">Chokladkaka MjÃ¶lkchoklad 24g Marabou</span><div class="placeholder__Placeholder-sc-12tijhw-0 image__PlaceholderImage-sc-1s1078q-0 hnAXPc fjsVAk"></div></div></a></div></div><div class="flex__Flex-sc-nm253f-0 base__BodyContainer-sc-1mnb0pd-33 hCtgtf ldErvm"><div data-test="fop-body" class="base__Body-sc-1mnb0pd-34 gRNUPx"><h3 class="text__Text-sc-6l1yjp-0 iWlLMY"><a href="https://handlaprivatkund.ica.se/stores/1015001/products/Chokladkaka-Mj%C3%B6lkchoklad-24g-Marabou/1001083" data-test="fop-product-link" tabindex="-1" class="link__Link-sc-14ymsi2-0 dSyqLR link__Link-sc-14ymsi2-0 base__Title-sc-1mnb0pd-27 base__FixedHeightTitle-sc-1mnb0pd-43 dSyqLR ctGnCh cCRJZx">Chokladkaka MjÃ¶lkchoklad 24g Marabou</a></h3><div data-test="fop-offer"><div class="base__OfferContainer-sc-1mnb0pd-39 fop__OfferContainer-sc-sgv9y1-9 gWPOHe Uumoi"></div></div><div data-test="fop-size"><div class="base__Size-sc-1mnb0pd-37 fop__SizeContainer-sc-sgv9y1-3 fwBToe fHyhGh"><span class="text__Text-sc-6l1yjp-0 base__SizeText-sc-1mnb0pd-38 fop__SizeText-sc-sgv9y1-4 bhymDA iImbUZ jrvLpU">0.024kg</span><span class="text__Text-sc-6l1yjp-0 standard-promotion__PromotionIntentText-sc-1vpsrpe-2 fop__PricePerText-sc-sgv9y1-5 dLNLFE kxmtvg eNYENy">(289,58&nbsp;kr/kg)</span></div></div><div data-test="fop-price-wrapper" class="base__PriceWrapper-sc-1mnb0pd-28 dDLLyP"><strong data-test="fop-price" class="base__Price-sc-1mnb0pd-29 sc-ksdxAp gsTqdV jgzQed">6,95&nbsp;kr</strong></div></div><div class="base__Footer-sc-1mnb0pd-35 OzclY"><div class="spacing__Spacing-sc-ngu0v9-0 jGPXUg"><span aria-live="polite" aria-relevant="text" class="text__Text-sc-6l1yjp-0 cYotRp">Du har 0 av den hÃ¤r varan i kundvagnen</span><div data-synthetics="product-id:d2f51f5d-a44f-4772-928b-92d87cd95446" data-test="fop-counter" class="counter__Container-sc-6up7sl-0 dhaHDi counter__StyledCounter-sc-gr2i7v-0 gwtRzC"><button type="button" data-synthetics="add-button" data-test="counter-button" aria-label="LÃ¤gg till Chokladkaka MjÃ¶lkchoklad 24g Marabou i kundvagn" class="base-button__BaseButton-sc-1gkygj5-0 counter__Operator-sc-6up7sl-3 hdBVDE fUBxOO counter__StyledCounter-sc-gr2i7v-0 gwtRzC">LÃ¤gg till</button></div></div></div></div></div></div><div class="base__Wrapper-sc-1mnb0pd-6 base__FixedHeightWrapper-sc-1mnb0pd-41 fop__FixedHeightWrapper-sc-sgv9y1-0 gMlFiL jNtybn viewports-enabled-standard-fop__ViewportsEnabledFop-sc-zsokr2-0 eLImeH reg-price" data-visibility-id="01bbb7d4-e9b8-49af-aac7-58c7eca9699e" data-test="fop-wrapper:01bbb7d4-e9b8-49af-aac7-58c7eca9699e"><div class="base__BreadcrumbHeader-sc-1mnb0pd-0 iFkuNn"></div><div class="box__Box-sc-eqtis8-0 base__BoxCard-sc-1mnb0pd-5 eepUEu kPZdrA"><div class="base__Header-sc-1mnb0pd-11 hKanCO"><div class="base__Media-sc-1mnb0pd-12 hfYvmL"><div class="base__ImageTopBar-sc-1mnb0pd-14 htbmfX"><div class="flex__Flex-sc-mmemlz-0 aQbjH"><div class="flex__Flex-sc-nm253f-0 base__ImageTopBarTopRow-sc-1mnb0pd-15 hCtgtf kWTiUu"></div></div></div><a href="https://handlaprivatkund.ica.se/stores/1015001/products/Chokladkaka-Digestive-100g-Marabou/1264157" data-synthetics="bop-link" class="link__Link-sc-14ymsi2-0 dSyqLR base__ImageWrapper-sc-1mnb0pd-23 iEwlm"><div><span class="_vc_1mycs_1">Chokladkaka Digestive 100g Marabou</span><div class="placeholder__Placeholder-sc-12tijhw-0 image__PlaceholderImage-sc-1s1078q-0 hnAXPc fjsVAk"></div></div></a></div></div><div class="flex__Flex-sc-nm253f-0 base__BodyContainer-sc-1mnb0pd-33 hCtgtf ldErvm"><div data-test="fop-body" class="base__Body-sc-1mnb0pd-34 gRNUPx"><h3 class="text__Text-sc-6l1yjp-0 iWlLMY"><a href="https://handlaprivatkund.ica.se/stores/1015001/products/Chokladkaka-Digestive-100g-Marabou/1264157" data-test="fop-product-link" tabindex="-1" class="link__Link-sc-14ymsi2-0 dSyqLR link__Link-sc-14ymsi2-0 base__Title-sc-1mnb0pd-27 base__FixedHeightTitle-sc-1mnb0pd-43 dSyqLR ctGnCh cCRJZx">Chokladkaka Digestive 100g Marabou</a></h3><div data-test="fop-offer"><div class="base__OfferContainer-sc-1mnb0pd-39 fop__OfferContainer-sc-sgv9y1-9 gWPOHe Uumoi"></div></div><div data-test="fop-size"><div class="base__Size-sc-1mnb0pd-37 fop__SizeContainer-sc-sgv9y1-3 fwBToe fHyhGh"><span class="text__Text-sc-6l1yjp-0 base__SizeText-sc-1mnb0pd-38 fop__SizeText-sc-sgv9y1-4 bhymDA iImbUZ jrvLpU">0.1kg</span><span class="text__Text-sc-6l1yjp-0 standard-promotion__PromotionIntentText-sc-1vpsrpe-2 fop__PricePerText-sc-sgv9y1-5 dLNLFE kxmtvg eNYENy">(159,50&nbsp;kr/kg)</span></div></div><div data-test="fop-price-wrapper" class="base__PriceWrapper-sc-1mnb0pd-28 dDLLyP"><strong data-test="fop-price" class="base__Price-sc-1mnb0pd-29 sc-ksdxAp gsTqdV jgzQed">15,95&nbsp;kr</strong></div></div><div class="base__Footer-sc-1mnb0pd-35 OzclY"><div class="spacing__Spacing-sc-ngu0v9-0 jGPXUg"><span aria-live="polite" aria-relevant="text" class="text__Text-sc-6l1yjp-0 cYotRp">Du har 0 av den hÃ¤r varan i kundvagnen</span><div data-synthetics="product-id:01bbb7d4-e9b8-49af-aac7-58c7eca9699e" data-test="fop-counter" class="counter__Container-sc-6up7sl-0 dhaHDi counter__StyledCounter-sc-gr2i7v-0 gwtRzC"><button type="button" data-synthetics="add-button" data-test="counter-button" aria-label="LÃ¤gg till Chokladkaka Digestive 100g Marabou i kundvagn" class="base-button__BaseButton-sc-1gkygj5-0 counter__Operator-sc-6up7sl-3 hdBVDE fUBxOO counter__StyledCounter-sc-gr2i7v-0 gwtRzC">LÃ¤gg till</button></div></div></div></div></div></div><div class="base__Wrapper-sc-1mnb0pd-6 base__FixedHeightWrapper-sc-1mnb0pd-41 fop__FixedHeightWrapper-sc-sgv9y1-0 gMlFiL jNtybn viewports-enabled-standard-fop__ViewportsEnabledFop-sc-zsokr2-0 eLImeH reg-price" data-visibility-id="ccfbea69-dd9d-4df2-8ae6-7c988b7ae121" data-test="fop-wrapper:ccfbea69-dd9d-4df2-8ae6-7c988b7ae121"><div class="base__BreadcrumbHeader-sc-1mnb0pd-0 iFkuNn"></div><div class="box__Box-sc-eqtis8-0 base__BoxCard-sc-1mnb0pd-5 eepUEu kPZdrA"><div class="base__Header-sc-1mnb0pd-11 hKanCO"><div class="base__Media-sc-1mnb0pd-12 hfYvmL"><div class="base__ImageTopBar-sc-1mnb0pd-14 htbmfX"><div class="flex__Flex-sc-mmemlz-0 aQbjH"><div class="flex__Flex-sc-nm253f-0 base__ImageTopBarTopRow-sc-1mnb0pd-15 hCtgtf kWTiUu"></div></div></div><a href="https://handlaprivatkund.ica.se/stores/1015001/products/Dumle-Fudge-160g-Fazer/2117799" data-synthetics="bop-link" class="link__Link-sc-14ymsi2-0 dSyqLR base__ImageWrapper-sc-1mnb0pd-23 iEwlm"><div><span class="_vc_1mycs_1">Dumle Fudge 160g Fazer</span><div class="placeholder__Placeholder-sc-12tijhw-0 image__PlaceholderImage-sc-1s1078q-0 hnAXPc fjsVAk"></div></div></a></div></div><div class="flex__Flex-sc-nm253f-0 base__BodyContainer-sc-1mnb0pd-33 hCtgtf ldErvm"><div data-test="fop-body" class="base__Body-sc-1mnb0pd-34 gRNUPx"><h3 class="text__Text-sc-6l1yjp-0 iWlLMY"><a href="https://handlaprivatkund.ica.se/stores/1015001/products/Dumle-Fudge-160g-Fazer/2117799" data-test="fop-product-link" tabindex="-1" class="link__Link-sc-14ymsi2-0 dSyqLR link__Link-sc-14ymsi2-0 base__Title-sc-1mnb0pd-27 base__FixedHeightTitle-sc-1mnb0pd-43 dSyqLR ctGnCh cCRJZx">Dumle Fudge 160g Fazer</a></h3><div data-test="fop-offer"><div class="base__OfferContainer-sc-1mnb0pd-39 fop__OfferContainer-sc-sgv9y1-9 gWPOHe Uumoi"></div></div><div data-test="fop-size"><div class="base__Size-sc-1mnb0pd-37 fop__SizeContainer-sc-sgv9y1-3 fwBToe fHyhGh"><span class="text__Text-sc-6l1yjp-0 base__SizeText-sc-1mnb0pd-38 fop__SizeText-sc-sgv9y1-4 bhymDA iImbUZ jrvLpU">0.16kg</span><span class="text__Text-sc-6l1yjp-0 standard-promotion__PromotionIntentText-sc-1vpsrpe-2 fop__PricePerText-sc-sgv9y1-5 dLNLFE kxmtvg eNYENy">(174,69&nbsp;kr/kg)</span></div></div><div data-test="fop-price-wrapper" class="base__PriceWrapper-sc-1mnb0pd-28 dDLLyP"><strong data-test="fop-price" class="base__Price-sc-1mnb0pd-29 sc-ksdxAp gsTqdV jgzQed">27,95&nbsp;kr</strong></div></div><div class="base__Footer-sc-1mnb0pd-35 OzclY"><div class="spacing__Spacing-sc-ngu0v9-0 jGPXUg"><span aria-live="polite" aria-relevant="text" class="text__Text-sc-6l1yjp-0 cYotRp">Du har 0 av den hÃ¤r varan i kundvagnen</span><div data-synthetics="product-id:ccfbea69-dd9d-4df2-8ae6-7c988b7ae121" data-test="fop-counter" class="counter__Container-sc-6up7sl-0 dhaHDi counter__StyledCounter-sc-gr2i7v-0 gwtRzC"><button type="button" data-synthetics="add-button" data-test="counter-button" aria-label="LÃ¤gg till Dumle Fudge 160g Fazer i kundvagn" class="base-button__BaseButton-sc-1gkygj5-0 counter__Operator-sc-6up7sl-3 hdBVDE fUBxOO counter__StyledCounter-sc-gr2i7v-0 gwtRzC">LÃ¤gg till</button></div></div></div></div></div></div><div class="base__Wrapper-sc-1mnb0pd-6 base__FixedHeightWrapper-sc-1mnb0pd-41 fop__FixedHeightWrapper-sc-sgv9y1-0 gMlFiL jNtybn viewports-enabled-standard-fop__ViewportsEnabledFop-sc-zsokr2-0 eLImeH reg-price" data-visibility-id="010b6ade-b599-44c4-aea5-1cb1229d46ab" data-test="fop-wrapper:010b6ade-b599-44c4-aea5-1cb1229d46ab"><div class="base__BreadcrumbHeader-sc-1mnb0pd-0 iFkuNn"></div><div class="box__Box-sc-eqtis8-0 base__BoxCard-sc-1mnb0pd-5 eepUEu kPZdrA"><div class="base__Header-sc-1mnb0pd-11 hKanCO"><div class="base__Media-sc-1mnb0pd-12 hfYvmL"><div class="base__ImageTopBar-sc-1mnb0pd-14 htbmfX"><div class="flex__Flex-sc-mmemlz-0 aQbjH"><div class="flex__Flex-sc-nm253f-0 base__ImageTopBarTopRow-sc-1mnb0pd-15 hCtgtf kWTiUu"></div></div></div><a href="https://handlaprivatkund.ica.se/stores/1015001/products/Chokladkaka-EXCELLENCE-Fikon-M%C3%B6rk-Choklad-100g-Lindt/2024184" data-synthetics="bop-link" class="link__Link-sc-14ymsi2-0 dSyqLR base__ImageWrapper-sc-1mnb0pd-23 iEwlm"><div><span class="_vc_1mycs_1">Chokladkaka EXCELLENCE Fikon MÃ¶rk Choklad 100g Lindt</span><div class="placeholder__Placeholder-sc-12tijhw-0 image__PlaceholderImage-sc-1s1078q-0 hnAXPc fjsVAk"></div></div></a></div></div><div class="flex__Flex-sc-nm253f-0 base__BodyContainer-sc-1mnb0pd-33 hCtgtf ldErvm"><div data-test="fop-body" class="base__Body-sc-1mnb0pd-34 gRNUPx"><h3 class="text__Text-sc-6l1yjp-0 iWlLMY"><a href="https://handlaprivatkund.ica.se/stores/1015001/products/Chokladkaka-EXCELLENCE-Fikon-M%C3%B6rk-Choklad-100g-Lindt/2024184" data-test="fop-product-link" tabindex="-1" class="link__Link-sc-14ymsi2-0 dSyqLR link__Link-sc-14ymsi2-0 base__Title-sc-1mnb0pd-27 base__FixedHeightTitle-sc-1mnb0pd-43 dSyqLR ctGnCh cCRJZx">Chokladkaka EXCELLENCE Fikon MÃ¶rk Choklad 100g Lindt</a></h3><div data-test="fop-offer"><div class="base__OfferContainer-sc-1mnb0pd-39 fop__OfferContainer-sc-sgv9y1-9 gWPOHe Uumoi"></div></div><div data-test="fop-size"><div class="base__Size-sc-1mnb0pd-37 fop__SizeContainer-sc-sgv9y1-3 fwBToe fHyhGh"><span class="text__Text-sc-6l1yjp-0 base__SizeText-sc-1mnb0pd-38 fop__SizeText-sc-sgv9y1-4 bhymDA iImbUZ jrvLpU">0.1kg</span><span class="text__Text-sc-6l1yjp-0 standard-promotion__PromotionIntentText-sc-1vpsrpe-2 fop__PricePerText-sc-sgv9y1-5 dLNLFE kxmtvg eNYENy">(309,50&nbsp;kr/kg)</span></div></div><div data-test="fop-price-wrapper" class="base__PriceWrapper-sc-1mnb0pd-28 dDLLyP"><strong data-test="fop-price" class="base__Price-sc-1mnb0pd-29 sc-ksdxAp gsTqdV jgzQed">30,95&nbsp;kr</strong></div></div><div class="base__Footer-sc-1mnb0pd-35 OzclY"><div class="spacing__Spacing-sc-ngu0v9-0 jGPXUg"><span aria-live="polite" aria-relevant="text" class="text__Text-sc-6l1yjp-0 cYotRp">Du har 0 av den hÃ¤r varan i kundvagnen</span><div data-synthetics="product-id:010b6ade-b599-44c4-aea5-1cb1229d46ab" data-test="fop-counter" class="counter__Container-sc-6up7sl-0 dhaHDi counter__StyledCounter-sc-gr2i7v-0 gwtRzC"><button type="button" data-synthetics="add-button" data-test="counter-button" aria-label="LÃ¤gg till Chokladkaka EXCELLENCE Fikon MÃ¶rk Choklad 100g Lindt i kundvagn" class="base-button__BaseButton-sc-1gkygj5-0 counter__Operator-sc-6up7sl-3 hdBVDE fUBxOO counter__StyledCounter-sc-gr2i7v-0 gwtRzC">LÃ¤gg till</button></div></div></div></div></div></div><div class="base__Wrapper-sc-1mnb0pd-6 base__FixedHeightWrapper-sc-1mnb0pd-41 fop__FixedHeightWrapper-sc-sgv9y1-0 gMlFiL jNtybn viewports-enabled-standard-fop__ViewportsEnabledFop-sc-zsokr2-0 eLImeH reg-price" data-visibility-id="67ed6594-b269-4152-8047-cf461c113bb1" data-test="fop-wrapper:67ed6594-b269-4152-8047-cf461c113bb1"><div class="base__BreadcrumbHeader-sc-1mnb0pd-0 iFkuNn"></div><div class="box__Box-sc-eqtis8-0 base__BoxCard-sc-1mnb0pd-5 eepUEu kPZdrA"><div class="base__Header-sc-1mnb0pd-11 hKanCO"><div class="base__Media-sc-1mnb0pd-12 hfYvmL"><div class="base__ImageTopBar-sc-1mnb0pd-14 htbmfX"><div class="flex__Flex-sc-mmemlz-0 aQbjH"><div class="flex__Flex-sc-nm253f-0 base__ImageTopBarTopRow-sc-1mnb0pd-15 hCtgtf kWTiUu"></div></div></div><a href="https://handlaprivatkund.ica.se/stores/1015001/products/Chokladkaka-EXCELLENCE-Tranb%C3%A4r-Hasseln%C3%B6t-M%C3%B6rk-100g-Lindt/2062607" data-synthetics="bop-link" class="link__Link-sc-14ymsi2-0 dSyqLR base__ImageWrapper-sc-1mnb0pd-23 iEwlm"><div><span class="_vc_1mycs_1">Chokladkaka EXCELLENCE TranbÃ¤r HasselnÃ¶t MÃ¶rk 100g Lindt</span><div class="placeholder__Placeholder-sc-12tijhw-0 image__PlaceholderImage-sc-1s1078q-0 hnAXPc fjsVAk"></div></div></a></div></div><div class="flex__Flex-sc-nm253f-0 base__BodyContainer-sc-1mnb0pd-33 hCtgtf ldErvm"><div data-test="fop-body" class="base__Body-sc-1mnb0pd-34 gRNUPx"><h3 class="text__Text-sc-6l1yjp-0 iWlLMY"><a href="https://handlaprivatkund.ica.se/stores/1015001/products/Chokladkaka-EXCELLENCE-Tranb%C3%A4r-Hasseln%C3%B6t-M%C3%B6rk-100g-Lindt/2062607" data-test="fop-product-link" tabindex="-1" class="link__Link-sc-14ymsi2-0 dSyqLR link__Link-sc-14ymsi2-0 base__Title-sc-1mnb0pd-27 base__FixedHeightTitle-sc-1mnb0pd-43 dSyqLR ctGnCh cCRJZx">Chokladkaka EXCELLENCE TranbÃ¤r HasselnÃ¶t MÃ¶rk 100g Lindt</a></h3><div data-test="fop-offer"><div class="base__OfferContainer-sc-1mnb0pd-39 fop__OfferContainer-sc-sgv9y1-9 gWPOHe Uumoi"></div></div><div data-test="fop-size"><div class="base__Size-sc-1mnb0pd-37 fop__SizeContainer-sc-sgv9y1-3 fwBToe fHyhGh"><span class="text__Text-sc-6l1yjp-0 base__SizeText-sc-1mnb0pd-38 fop__SizeText-sc-sgv9y1-4 bhymDA iImbUZ jrvLpU">0.1kg</span><span class="text__Text-sc-6l1yjp-0 standard-promotion__PromotionIntentText-sc-1vpsrpe-2 fop__PricePerText-sc-sgv9y1-5 dLNLFE kxmtvg eNYENy">(309,50&nbsp;kr/kg)</span></div></div><div data-test="fop-price-wrapper" class="base__PriceWrapper-sc-1mnb0pd-28 dDLLyP"><strong data-test="fop-price" class="base__Price-sc-1mnb0pd-29 sc-ksdxAp gsTqdV jgzQed">30,95&nbsp;kr</strong></div></div><div class="base__Footer-sc-1mnb0pd-35 OzclY"><div class="spacing__Spacing-sc-ngu0v9-0 jGPXUg"><span aria-live="polite" aria-relevant="text" class="text__Text-sc-6l1yjp-0 cYotRp">Du har 0 av den hÃ¤r varan i kundvagnen</span><div data-synthetics="product-id:67ed6594-b269-4152-8047-cf461c113bb1" data-test="fop-counter" class="counter__Container-sc-6up7sl-0 dhaHDi counter__StyledCounter-sc-gr2i7v-0 gwtRzC"><button type="button" data-synthetics="add-button" data-test="counter-button" aria-label="LÃ¤gg till Chokladkaka EXCELLENCE TranbÃ¤r HasselnÃ¶t MÃ¶rk 100g Lindt i kundvagn" class="base-button__BaseButton-sc-1gkygj5-0 counter__Operator-sc-6up7sl-3 hdBVDE fUBxOO counter__StyledCounter-sc-gr2i7v-0 gwtRzC">LÃ¤gg till</button></div></div></div></div></div></div><div class="base__Wrapper-sc-1mnb0pd-6 base__FixedHeightWrapper-sc-1mnb0pd-41 fop__FixedHeightWrapper-sc-sgv9y1-0 gMlFiL jNtybn viewports-enabled-standard-fop__ViewportsEnabledFop-sc-zsokr2-0 eLImeH reg-price" data-visibility-id="e7798178-2d49-4d79-9cd8-d8e25b4be400" data-test="fop-wrapper:e7798178-2d49-4d79-9cd8-d8e25b4be400"><div class="base__BreadcrumbHeader-sc-1mnb0pd-0 iFkuNn"></div><div class="box__Box-sc-eqtis8-0 base__BoxCard-sc-1mnb0pd-5 eepUEu kPZdrA"><div class="base__Header-sc-1mnb0pd-11 hKanCO"><div class="base__Media-sc-1mnb0pd-12 hfYvmL"><div class="base__ImageTopBar-sc-1mnb0pd-14 htbmfX"><div class="flex__Flex-sc-mmemlz-0 aQbjH"><div class="flex__Flex-sc-nm253f-0 base__ImageTopBarTopRow-sc-1mnb0pd-15 hCtgtf kWTiUu"></div></div></div><a href="https://handlaprivatkund.ica.se/stores/1015001/products/Chokladkaka-Schweizern%C3%B6t-100g-Marabou/1005051" data-synthetics="bop-link" class="link__Link-sc-14ymsi2-0 dSyqLR base__ImageWrapper-sc-1mnb0pd-23 iEwlm"><div><span class="_vc_1mycs_1">Chokladkaka SchweizernÃ¶t 100g Marabou</span><div class="placeholder__Placeholder-sc-12tijhw-0 image__PlaceholderImage-sc-1s1078q-0 hnAXPc fjsVAk"></div></div></a></div></div><div class="flex__Flex-sc-nm253f-0 base__BodyContainer-sc-1mnb0pd-33 hCtgtf ldErvm"><div data-test="fop-body" class="base__Body-sc-1mnb0pd-34 gRNUPx"><h3 class="text__Text-sc-6l1yjp-0 iWlLMY"><a href="https://handlaprivatkund.ica.se/stores/1015001/products/Chokladkaka-Schweizern%C3%B6t-100g-Marabou/1005051" data-test="fop-product-link" tabindex="-1" class="link__Link-sc-14ymsi2-0 dSyqLR link__Link-sc-14ymsi2-0 base__Title-sc-1mnb0pd-27 base__FixedHeightTitle-sc-1mnb0pd-43 dSyqLR ctGnCh cCRJZx">Chokladkaka SchweizernÃ¶t 100g Marabou</a></h3><div data-test="fop-offer"><div class="base__OfferContainer-sc-1mnb0pd-39 fop__OfferContainer-sc-sgv9y1-9 gWPOHe Uumoi"></div></div><div data-test="fop-size"><div class="base__Size-sc-1mnb0pd-37 fop__SizeContainer-sc-sgv9y1-3 fwBToe fHyhGh"><span class="text__Text-sc-6l1yjp-0 base__SizeText-sc-1mnb0pd-38 fop__SizeText-sc-sgv9y1-4 bhymDA iImbUZ jrvLpU">0.1kg</span><span class="text__Text-sc-6l1yjp-0 standard-promotion__PromotionIntentText-sc-1vpsrpe-2 fop__PricePerText-sc-sgv9y1-5 dLNLFE kxmtvg eNYENy">(159,50&nbsp;kr/kg)</span></div></div><div data-test="fop-price-wrapper" class="base__PriceWrapper-sc-1mnb0pd-28 dDLLyP"><strong data-test="fop-price" class="base__Price-sc-1mnb0pd-29 sc-ksdxAp gsTqdV jgzQed">15,95&nbsp;kr</strong></div></div><div class="base__Footer-sc-1mnb0pd-35 OzclY"><div class="spacing__Spacing-sc-ngu0v9-0 jGPXUg"><span aria-live="polite" aria-relevant="text" class="text__Text-sc-6l1yjp-0 cYotRp">Du har 0 av den hÃ¤r varan i kundvagnen</span><div data-synthetics="product-id:e7798178-2d49-4d79-9cd8-d8e25b4be400" data-test="fop-counter" class="counter__Container-sc-6up7sl-0 dhaHDi counter__StyledCounter-sc-gr2i7v-0 gwtRzC"><button type="button" data-synthetics="add-button" data-test="counter-button" aria-label="LÃ¤gg till Chokladkaka SchweizernÃ¶t 100g Marabou i kundvagn" class="base-button__BaseButton-sc-1gkygj5-0 counter__Operator-sc-6up7sl-3 hdBVDE fUBxOO counter__StyledCounter-sc-gr2i7v-0 gwtRzC">LÃ¤gg till</button></div></div></div></div></div></div><div class="base__Wrapper-sc-1mnb0pd-6 base__FixedHeightWrapper-sc-1mnb0pd-41 fop__FixedHeightWrapper-sc-sgv9y1-0 gMlFiL jNtybn viewports-enabled-standard-fop__ViewportsEnabledFop-sc-zsokr2-0 eLImeH reg-price" data-visibility-id="9d05c010-0a4d-4689-9f16-f24204c540cc" data-test="fop-wrapper:9d05c010-0a4d-4689-9f16-f24204c540cc"><div class="base__BreadcrumbHeader-sc-1mnb0pd-0 iFkuNn"></div><div class="box__Box-sc-eqtis8-0 base__BoxCard-sc-1mnb0pd-5 eepUEu kPZdrA"><div class="base__Header-sc-1mnb0pd-11 hKanCO"><div class="base__Media-sc-1mnb0pd-12 hfYvmL"><div class="base__ImageTopBar-sc-1mnb0pd-14 htbmfX"><div class="flex__Flex-sc-mmemlz-0 aQbjH"><div class="flex__Flex-sc-nm253f-0 base__ImageTopBarTopRow-sc-1mnb0pd-15 hCtgtf kWTiUu"></div></div></div><a href="https://handlaprivatkund.ica.se/stores/1015001/products/Julkalender-LTD-200g-Marabou/2100379" data-synthetics="bop-link" class="link__Link-sc-14ymsi2-0 dSyqLR base__ImageWrapper-sc-1mnb0pd-23 iEwlm"><div><span class="_vc_1mycs_1">Julkalender LTD 200g Marabou</span><div class="placeholder__Placeholder-sc-12tijhw-0 image__PlaceholderImage-sc-1s1078q-0 hnAXPc fjsVAk"></div></div></a></div></div><div class="flex__Flex-sc-nm253f-0 base__BodyContainer-sc-1mnb0pd-33 hCtgtf ldErvm"><div data-test="fop-body" class="base__Body-sc-1mnb0pd-34 gRNUPx"><h3 class="text__Text-sc-6l1yjp-0 iWlLMY"><a href="https://handlaprivatkund.ica.se/stores/1015001/products/Julkalender-LTD-200g-Marabou/2100379" data-test="fop-product-link" tabindex="-1" class="link__Link-sc-14ymsi2-0 dSyqLR link__Link-sc-14ymsi2-0 base__Title-sc-1mnb0pd-27 base__FixedHeightTitle-sc-1mnb0pd-43 dSyqLR ctGnCh cCRJZx">Julkalender LTD 200g Marabou</a></h3><div data-test="fop-offer"><div class="base__OfferContainer-sc-1mnb0pd-39 fop__OfferContainer-sc-sgv9y1-9 gWPOHe Uumoi"></div></div><div data-test="fop-size"><div class="base__Size-sc-1mnb0pd-37 fop__SizeContainer-sc-sgv9y1-3 fwBToe fHyhGh"><span class="text__Text-sc-6l1yjp-0 base__SizeText-sc-1mnb0pd-38 fop__SizeText-sc-sgv9y1-4 bhymDA iImbUZ jrvLpU">0.2kg</span><span class="text__Text-sc-6l1yjp-0 standard-promotion__PromotionIntentText-sc-1vpsrpe-2 fop__PricePerText-sc-sgv9y1-5 dLNLFE kxmtvg eNYENy">(575,00&nbsp;kr/kg)</span></div></div><div data-test="fop-price-wrapper" class="base__PriceWrapper-sc-1mnb0pd-28 dDLLyP"><strong data-test="fop-price" class="base__Price-sc-1mnb0pd-29 sc-ksdxAp gsTqdV jgzQed">115,00&nbsp;kr</strong></div></div><div class="base__Footer-sc-1mnb0pd-35 OzclY"><div class="spacing__Spacing-sc-ngu0v9-0 jGPXUg"><span aria-live="polite" aria-relevant="text" class="text__Text-sc-6l1yjp-0 cYotRp">Du har 0 av den hÃ¤r varan i kundvagnen</span><div data-synthetics="product-id:9d05c010-0a4d-4689-9f16-f24204c540cc" data-test="fop-counter" class="counter__Container-sc-6up7sl-0 dhaHDi counter__StyledCounter-sc-gr2i7v-0 gwtRzC"><button type="button" data-synthetics="add-button" data-test="counter-button" aria-label="LÃ¤gg till Julkalender LTD 200g Marabou i kundvagn" class="base-button__BaseButton-sc-1gkygj5-0 counter__Operator-sc-6up7sl-3 hdBVDE fUBxOO counter__StyledCounter-sc-gr2i7v-0 gwtRzC">LÃ¤gg till</button></div></div></div></div></div></div><div class="base__Wrapper-sc-1mnb0pd-6 base__FixedHeightWrapper-sc-1mnb0pd-41 fop__FixedHeightWrapper-sc-sgv9y1-0 gMlFiL jNtybn viewports-enabled-standard-fop__ViewportsEnabledFop-sc-zsokr2-0 eLImeH reg-price" data-visibility-id="2a3b3d78-3fa2-4cfb-93e6-9ebb4c064c12" data-test="fop-wrapper:2a3b3d78-3fa2-4cfb-93e6-9ebb4c064c12"><div class="base__BreadcrumbHeader-sc-1mnb0pd-0 iFkuNn"></div><div class="box__Box-sc-eqtis8-0 base__BoxCard-sc-1mnb0pd-5 eepUEu kPZdrA"><div class="base__Header-sc-1mnb0pd-11 hKanCO"><div class="base__Media-sc-1mnb0pd-12 hfYvmL"><div class="base__ImageTopBar-sc-1mnb0pd-14 htbmfX"><div class="flex__Flex-sc-mmemlz-0 aQbjH"><div class="flex__Flex-sc-nm253f-0 base__ImageTopBarTopRow-sc-1mnb0pd-15 hCtgtf kWTiUu"></div></div></div><a href="https://handlaprivatkund.ica.se/stores/1015001/products/Choklad-Excellence-Lemon-ginger-100g-Lindt/2117385" data-synthetics="bop-link" class="link__Link-sc-14ymsi2-0 dSyqLR base__ImageWrapper-sc-1mnb0pd-23 iEwlm"><div><span class="_vc_1mycs_1">Choklad Excellence Lemon ginger 100g Lindt</span><div class="placeholder__Placeholder-sc-12tijhw-0 image__PlaceholderImage-sc-1s1078q-0 hnAXPc fjsVAk"></div></div></a></div></div><div class="flex__Flex-sc-nm253f-0 base__BodyContainer-sc-1mnb0pd-33 hCtgtf ldErvm"><div data-test="fop-body" class="base__Body-sc-1mnb0pd-34 gRNUPx"><h3 class="text__Text-sc-6l1yjp-0 iWlLMY"><a href="https://handlaprivatkund.ica.se/stores/1015001/products/Choklad-Excellence-Lemon-ginger-100g-Lindt/2117385" data-test="fop-product-link" tabindex="-1" class="link__Link-sc-14ymsi2-0 dSyqLR link__Link-sc-14ymsi2-0 base__Title-sc-1mnb0pd-27 base__FixedHeightTitle-sc-1mnb0pd-43 dSyqLR ctGnCh cCRJZx">Choklad Excellence Lemon ginger 100g Lindt</a></h3><div data-test="fop-offer"><div class="base__OfferContainer-sc-1mnb0pd-39 fop__OfferContainer-sc-sgv9y1-9 gWPOHe Uumoi"></div></div><div data-test="fop-size"><div class="base__Size-sc-1mnb0pd-37 fop__SizeContainer-sc-sgv9y1-3 fwBToe fHyhGh"><span class="text__Text-sc-6l1yjp-0 base__SizeText-sc-1mnb0pd-38 fop__SizeText-sc-sgv9y1-4 bhymDA iImbUZ jrvLpU">0.1kg</span><span class="text__Text-sc-6l1yjp-0 standard-promotion__PromotionIntentText-sc-1vpsrpe-2 fop__PricePerText-sc-sgv9y1-5 dLNLFE kxmtvg eNYENy">(309,50&nbsp;kr/kg)</span></div></div><div data-test="fop-price-wrapper" class="base__PriceWrapper-sc-1mnb0pd-28 dDLLyP"><strong data-test="fop-price" class="base__Price-sc-1mnb0pd-29 sc-ksdxAp gsTqdV jgzQed">30,95&nbsp;kr</strong></div></div><div class="base__Footer-sc-1mnb0pd-35 OzclY"><div class="spacing__Spacing-sc-ngu0v9-0 jGPXUg"><span aria-live="polite" aria-relevant="text" class="text__Text-sc-6l1yjp-0 cYotRp">Du har 0 av den hÃ¤r varan i kundvagnen</span><div data-synthetics="product-id:2a3b3d78-3fa2-4cfb-93e6-9ebb4c064c12" data-test="fop-counter" class="counter__Container-sc-6up7sl-0 dhaHDi counter__StyledCounter-sc-gr2i7v-0 gwtRzC"><button type="button" data-synthetics="add-button" data-test="counter-button" aria-label="LÃ¤gg till Choklad Excellence Lemon ginger 100g Lindt i kundvagn" class="base-button__BaseButton-sc-1gkygj5-0 counter__Operator-sc-6up7sl-3 hdBVDE fUBxOO counter__StyledCounter-sc-gr2i7v-0 gwtRzC">LÃ¤gg till</button></div></div></div></div></div></div><div class="base__Wrapper-sc-1mnb0pd-6 base__FixedHeightWrapper-sc-1mnb0pd-41 fop__FixedHeightWrapper-sc-sgv9y1-0 gMlFiL jNtybn viewports-enabled-standard-fop__ViewportsEnabledFop-sc-zsokr2-0 eLImeH reg-price" data-visibility-id="6ae1440a-de91-4d9a-b8dc-be99866ec710" data-test="fop-wrapper:6ae1440a-de91-4d9a-b8dc-be99866ec710"><div class="base__BreadcrumbHeader-sc-1mnb0pd-0 iFkuNn"></div><div class="box__Box-sc-eqtis8-0 base__BoxCard-sc-1mnb0pd-5 eepUEu kPZdrA"><div class="base__Header-sc-1mnb0pd-11 hKanCO"><div class="base__Media-sc-1mnb0pd-12 hfYvmL"><div class="base__ImageTopBar-sc-1mnb0pd-14 htbmfX"><div class="flex__Flex-sc-mmemlz-0 aQbjH"><div class="flex__Flex-sc-nm253f-0 base__ImageTopBarTopRow-sc-1mnb0pd-15 hCtgtf kWTiUu"></div></div></div><a href="https://handlaprivatkund.ica.se/stores/1015001/products/Chokladbar-3-pack-Snickers/1509301" data-synthetics="bop-link" class="link__Link-sc-14ymsi2-0 dSyqLR base__ImageWrapper-sc-1mnb0pd-23 iEwlm"><div><span class="_vc_1mycs_1">Chokladbar 3-pack Snickers</span><div class="placeholder__Placeholder-sc-12tijhw-0 image__PlaceholderImage-sc-1s1078q-0 hnAXPc fjsVAk"></div></div></a></div></div><div class="flex__Flex-sc-nm253f-0 base__BodyContainer-sc-1mnb0pd-33 hCtgtf ldErvm"><div data-test="fop-body" class="base__Body-sc-1mnb0pd-34 gRNUPx"><h3 class="text__Text-sc-6l1yjp-0 iWlLMY"><a href="https://handlaprivatkund.ica.se/stores/1015001/products/Chokladbar-3-pack-Snickers/1509301" data-test="fop-product-link" tabindex="-1" class="link__Link-sc-14ymsi2-0 dSyqLR link__Link-sc-14ymsi2-0 base__Title-sc-1mnb0pd-27 base__FixedHeightTitle-sc-1mnb0pd-43 dSyqLR ctGnCh cCRJZx">Chokladbar 3-pack Snickers</a></h3><div data-test="fop-offer"><div class="base__OfferContainer-sc-1mnb0pd-39 fop__OfferContainer-sc-sgv9y1-9 gWPOHe Uumoi"></div></div><div data-test="fop-size"><div class="base__Size-sc-1mnb0pd-37 fop__SizeContainer-sc-sgv9y1-3 fwBToe fHyhGh"><span class="text__Text-sc-6l1yjp-0 base__SizeText-sc-1mnb0pd-38 fop__SizeText-sc-sgv9y1-4 bhymDA iImbUZ jrvLpU">0.15kg</span><span class="text__Text-sc-6l1yjp-0 standard-promotion__PromotionIntentText-sc-1vpsrpe-2 fop__PricePerText-sc-sgv9y1-5 dLNLFE kxmtvg eNYENy">(159,67&nbsp;kr/kg)</span></div></div><div data-test="fop-price-wrapper" class="base__PriceWrapper-sc-1mnb0pd-28 dDLLyP"><strong data-test="fop-price" class="base__Price-sc-1mnb0pd-29 sc-ksdxAp gsTqdV jgzQed">23,95&nbsp;kr</strong></div></div><div class="base__Footer-sc-1mnb0pd-35 OzclY"><div class="spacing__Spacing-sc-ngu0v9-0 jGPXUg"><span aria-live="polite" aria-relevant="text" class="text__Text-sc-6l1yjp-0 cYotRp">Du har 0 av den hÃ¤r varan i kundvagnen</span><div data-synthetics="product-id:6ae1440a-de91-4d9a-b8dc-be99866ec710" data-test="fop-counter" class="counter__Container-sc-6up7sl-0 dhaHDi counter__StyledCounter-sc-gr2i7v-0 gwtRzC"><button type="button" data-synthetics="add-button" data-test="counter-button" aria-label="LÃ¤gg till Chokladbar 3-pack Snickers i kundvagn" class="base-button__BaseButton-sc-1gkygj5-0 counter__Operator-sc-6up7sl-3 hdBVDE fUBxOO counter__StyledCounter-sc-gr2i7v-0 gwtRzC">LÃ¤gg till</button></div></div></div></div></div></div><div class="base__Wrapper-sc-1mnb0pd-6 base__FixedHeightWrapper-sc-1mnb0pd-41 fop__FixedHeightWrapper-sc-sgv9y1-0 gMlFiL jNtybn viewports-enabled-standard-fop__ViewportsEnabledFop-sc-zsokr2-0 eLImeH reg-price" data-visibility-id="4594ed77-4fcd-4e89-abee-9fde9a415701" data-test="fop-wrapper:4594ed77-4fcd-4e89-abee-9fde9a415701"><div class="base__BreadcrumbHeader-sc-1mnb0pd-0 iFkuNn"></div><div class="box__Box-sc-eqtis8-0 base__BoxCard-sc-1mnb0pd-5 eepUEu kPZdrA"><div class="base__Header-sc-1mnb0pd-11 hKanCO"><div class="base__Media-sc-1mnb0pd-12 hfYvmL"><div class="base__ImageTopBar-sc-1mnb0pd-14 htbmfX"><div class="flex__Flex-sc-mmemlz-0 aQbjH"><div class="flex__Flex-sc-nm253f-0 base__ImageTopBarTopRow-sc-1mnb0pd-15 hCtgtf kWTiUu"></div></div></div><div class="base__ImageBottomBar-sc-1mnb0pd-22 fnUTQB"><div class="base__ProductAttributes-sc-1mnb0pd-25 bKorYI"><span title="Rainforest Alliance certifierad" data-test="lifestyle-icon__rainforest-alliance" class="product-attribute-icon__ProductAttributeIconSvg-sc-40nmqh-0 base__ProductAttribute-sc-1mnb0pd-26 fVwPNQ"><svg><use href="#svg-rainforest-alliance"></use></svg></span></div></div><a href="https://handlaprivatkund.ica.se/stores/1015001/products/After-Eight-200g-Nestle/1449265" data-synthetics="bop-link" class="link__Link-sc-14ymsi2-0 dSyqLR base__ImageWrapper-sc-1mnb0pd-23 iEwlm"><div><span class="_vc_1mycs_1">After Eight 200g Nestle Rainforest Alliance certifierad</span><div class="placeholder__Placeholder-sc-12tijhw-0 image__PlaceholderImage-sc-1s1078q-0 hnAXPc fjsVAk"></div></div></a></div></div><div class="flex__Flex-sc-nm253f-0 base__BodyContainer-sc-1mnb0pd-33 hCtgtf ldErvm"><div data-test="fop-body" class="base__Body-sc-1mnb0pd-34 gRNUPx"><h3 class="text__Text-sc-6l1yjp-0 iWlLMY"><a href="https://handlaprivatkund.ica.se/stores/1015001/products/After-Eight-200g-Nestle/1449265" data-test="fop-product-link" tabindex="-1" class="link__Link-sc-14ymsi2-0 dSyqLR link__Link-sc-14ymsi2-0 base__Title-sc-1mnb0pd-27 base__FixedHeightTitle-sc-1mnb0pd-43 dSyqLR ctGnCh cCRJZx">After Eight 200g Nestle</a></h3><div data-test="fop-offer"><div class="base__OfferContainer-sc-1mnb0pd-39 fop__OfferContainer-sc-sgv9y1-9 gWPOHe Uumoi"></div></div><div data-test="fop-size"><div class="base__Size-sc-1mnb0pd-37 fop__SizeContainer-sc-sgv9y1-3 fwBToe fHyhGh"><span class="text__Text-sc-6l1yjp-0 base__SizeText-sc-1mnb0pd-38 fop__SizeText-sc-sgv9y1-4 bhymDA iImbUZ jrvLpU">0.2kg</span><span class="text__Text-sc-6l1yjp-0 standard-promotion__PromotionIntentText-sc-1vpsrpe-2 fop__PricePerText-sc-sgv9y1-5 dLNLFE kxmtvg eNYENy">(199,75&nbsp;kr/kg)</span></div></div><div data-test="fop-price-wrapper" class="base__PriceWrapper-sc-1mnb0pd-28 dDLLyP"><strong data-test="fop-price" class="base__Price-sc-1mnb0pd-29 sc-ksdxAp gsTqdV jgzQed">39,95&nbsp;kr</strong></div></div><div class="base__Footer-sc-1mnb0pd-35 OzclY"><div class="spacing__Spacing-sc-ngu0v9-0 jGPXUg"><span aria-live="polite" aria-relevant="text" class="text__Text-sc-6l1yjp-0 cYotRp">Du har 0 av den hÃ¤r varan i kundvagnen</span><div data-synthetics="product-id:4594ed77-4fcd-4e89-abee-9fde9a415701" data-test="fop-counter" class="counter__Container-sc-6up7sl-0 dhaHDi counter__StyledCounter-sc-gr2i7v-0 gwtRzC"><button type="button" data-synthetics="add-button" data-test="counter-button" aria-label="LÃ¤gg till After Eight 200g Nestle i kundvagn" class="base-button__BaseButton-sc-1gkygj5-0 counter__Operator-sc-6up7sl-3 hdBVDE fUBxOO counter__StyledCounter-sc-gr2i7v-0 gwtRzC">LÃ¤gg till</button></div></div></div></div></div></div><div class="base__Wrapper-sc-1mnb0pd-6 base__FixedHeightWrapper-sc-1mnb0pd-41 fop__FixedHeightWrapper-sc-sgv9y1-0 gMlFiL jNtybn viewports-enabled-standard-fop__ViewportsEnabledFop-sc-zsokr2-0 eLImeH reg-price" data-visibility-id="dacda364-9dbd-4494-b5a2-7dba58c83878" data-test="fop-wrapper:dacda364-9dbd-4494-b5a2-7dba58c83878"><div class="base__BreadcrumbHeader-sc-1mnb0pd-0 iFkuNn"></div><div class="box__Box-sc-eqtis8-0 base__BoxCard-sc-1mnb0pd-5 eepUEu kPZdrA pl-classified"><div class="base__Header-sc-1mnb0pd-11 hKanCO"><div class="base__Media-sc-1mnb0pd-12 hfYvmL"><div class="base__ImageTopBar-sc-1mnb0pd-14 htbmfX"><div class="flex__Flex-sc-mmemlz-0 aQbjH"><div class="flex__Flex-sc-nm253f-0 base__ImageTopBarTopRow-sc-1mnb0pd-15 hCtgtf kWTiUu"></div></div></div><a href="https://handlaprivatkund.ica.se/stores/1015001/products/Chokladdrag%C3%A9er-Marianne-175g-Fazer/2062665" data-synthetics="bop-link" class="link__Link-sc-14ymsi2-0 dSyqLR base__ImageWrapper-sc-1mnb0pd-23 iEwlm"><img alt="ChokladdragÃ©er Marianne 175g Fazer" src="./ica_market_4_files/300x300.jpg" title="ChokladdragÃ©er Marianne 175g Fazer" class="fop__Image-sc-sgv9y1-2 daCdrp"></a></div></div><div class="flex__Flex-sc-nm253f-0 base__BodyContainer-sc-1mnb0pd-33 hCtgtf ldErvm"><div data-test="fop-body" class="base__Body-sc-1mnb0pd-34 gRNUPx"><h3 class="text__Text-sc-6l1yjp-0 iWlLMY"><a href="https://handlaprivatkund.ica.se/stores/1015001/products/Chokladdrag%C3%A9er-Marianne-175g-Fazer/2062665" data-test="fop-product-link" tabindex="-1" class="link__Link-sc-14ymsi2-0 dSyqLR link__Link-sc-14ymsi2-0 base__Title-sc-1mnb0pd-27 base__FixedHeightTitle-sc-1mnb0pd-43 dSyqLR ctGnCh cCRJZx">ChokladdragÃ©er Marianne 175g Fazer</a></h3><div data-test="fop-offer"><div class="base__OfferContainer-sc-1mnb0pd-39 fop__OfferContainer-sc-sgv9y1-9 gWPOHe Uumoi"></div></div><div data-test="fop-size"><div class="base__Size-sc-1mnb0pd-37 fop__SizeContainer-sc-sgv9y1-3 fwBToe fHyhGh"><span class="text__Text-sc-6l1yjp-0 base__SizeText-sc-1mnb0pd-38 fop__SizeText-sc-sgv9y1-4 bhymDA iImbUZ jrvLpU">0.175kg</span><span class="text__Text-sc-6l1yjp-0 standard-promotion__PromotionIntentText-sc-1vpsrpe-2 fop__PricePerText-sc-sgv9y1-5 dLNLFE kxmtvg eNYENy">(165,43&nbsp;kr/kg)</span></div></div><div data-test="fop-price-wrapper" class="base__PriceWrapper-sc-1mnb0pd-28 dDLLyP"><strong data-test="fop-price" class="base__Price-sc-1mnb0pd-29 sc-ksdxAp gsTqdV jgzQed">28,95&nbsp;kr</strong></div></div><div class="base__Footer-sc-1mnb0pd-35 OzclY"><div class="spacing__Spacing-sc-ngu0v9-0 jGPXUg"><span aria-live="polite" aria-relevant="text" class="text__Text-sc-6l1yjp-0 cYotRp">Du har 0 av den hÃ¤r varan i kundvagnen</span><div data-synthetics="product-id:dacda364-9dbd-4494-b5a2-7dba58c83878" data-test="fop-counter" class="counter__Container-sc-6up7sl-0 dhaHDi counter__StyledCounter-sc-gr2i7v-0 gwtRzC"><button type="button" data-synthetics="add-button" data-test="counter-button" aria-label="LÃ¤gg till ChokladdragÃ©er Marianne 175g Fazer i kundvagn" class="base-button__BaseButton-sc-1gkygj5-0 counter__Operator-sc-6up7sl-3 hdBVDE fUBxOO counter__StyledCounter-sc-gr2i7v-0 gwtRzC">LÃ¤gg till</button></div></div></div></div></div></div><div class="base__Wrapper-sc-1mnb0pd-6 base__FixedHeightWrapper-sc-1mnb0pd-41 fop__FixedHeightWrapper-sc-sgv9y1-0 gMlFiL jNtybn viewports-enabled-standard-fop__ViewportsEnabledFop-sc-zsokr2-0 eLImeH reg-price" data-visibility-id="01d164f4-780b-4ad6-83cc-f5cc69f31aca" data-test="fop-wrapper:01d164f4-780b-4ad6-83cc-f5cc69f31aca"><div class="base__BreadcrumbHeader-sc-1mnb0pd-0 iFkuNn"></div><div class="box__Box-sc-eqtis8-0 base__BoxCard-sc-1mnb0pd-5 eepUEu kPZdrA pl-classified"><div class="base__Header-sc-1mnb0pd-11 hKanCO"><div class="base__Media-sc-1mnb0pd-12 hfYvmL"><div class="base__ImageTopBar-sc-1mnb0pd-14 htbmfX"><div class="flex__Flex-sc-mmemlz-0 aQbjH"><div class="flex__Flex-sc-nm253f-0 base__ImageTopBarTopRow-sc-1mnb0pd-15 hCtgtf kWTiUu"></div></div></div><a href="https://handlaprivatkund.ica.se/stores/1015001/products/Marsipanbr%C3%B6d-Nougat-40g-Anthon-Berg/1002504" data-synthetics="bop-link" class="link__Link-sc-14ymsi2-0 dSyqLR base__ImageWrapper-sc-1mnb0pd-23 iEwlm"><img alt="MarsipanbrÃ¶d Nougat 40g Anthon Berg" src="./ica_market_4_files/300x300(1).jpg" title="MarsipanbrÃ¶d Nougat 40g Anthon Berg" class="fop__Image-sc-sgv9y1-2 daCdrp"></a></div></div><div class="flex__Flex-sc-nm253f-0 base__BodyContainer-sc-1mnb0pd-33 hCtgtf ldErvm"><div data-test="fop-body" class="base__Body-sc-1mnb0pd-34 gRNUPx"><h3 class="text__Text-sc-6l1yjp-0 iWlLMY"><a href="https://handlaprivatkund.ica.se/stores/1015001/products/Marsipanbr%C3%B6d-Nougat-40g-Anthon-Berg/1002504" data-test="fop-product-link" tabindex="-1" class="link__Link-sc-14ymsi2-0 dSyqLR link__Link-sc-14ymsi2-0 base__Title-sc-1mnb0pd-27 base__FixedHeightTitle-sc-1mnb0pd-43 dSyqLR ctGnCh cCRJZx">MarsipanbrÃ¶d Nougat 40g Anthon Berg</a></h3><div data-test="fop-offer"><div class="base__OfferContainer-sc-1mnb0pd-39 fop__OfferContainer-sc-sgv9y1-9 gWPOHe Uumoi"></div></div><div data-test="fop-size"><div class="base__Size-sc-1mnb0pd-37 fop__SizeContainer-sc-sgv9y1-3 fwBToe fHyhGh"><span class="text__Text-sc-6l1yjp-0 base__SizeText-sc-1mnb0pd-38 fop__SizeText-sc-sgv9y1-4 bhymDA iImbUZ jrvLpU">0.04kg</span><span class="text__Text-sc-6l1yjp-0 standard-promotion__PromotionIntentText-sc-1vpsrpe-2 fop__PricePerText-sc-sgv9y1-5 dLNLFE kxmtvg eNYENy">(298,75&nbsp;kr/kg)</span></div></div><div data-test="fop-price-wrapper" class="base__PriceWrapper-sc-1mnb0pd-28 dDLLyP"><strong data-test="fop-price" class="base__Price-sc-1mnb0pd-29 sc-ksdxAp gsTqdV jgzQed">11,95&nbsp;kr</strong></div></div><div class="base__Footer-sc-1mnb0pd-35 OzclY"><div class="spacing__Spacing-sc-ngu0v9-0 jGPXUg"><span aria-live="polite" aria-relevant="text" class="text__Text-sc-6l1yjp-0 cYotRp">Du har 0 av den hÃ¤r varan i kundvagnen</span><div data-synthetics="product-id:01d164f4-780b-4ad6-83cc-f5cc69f31aca" data-test="fop-counter" class="counter__Container-sc-6up7sl-0 dhaHDi counter__StyledCounter-sc-gr2i7v-0 gwtRzC"><button type="button" data-synthetics="add-button" data-test="counter-button" aria-label="LÃ¤gg till MarsipanbrÃ¶d Nougat 40g Anthon Berg i kundvagn" class="base-button__BaseButton-sc-1gkygj5-0 counter__Operator-sc-6up7sl-3 hdBVDE fUBxOO counter__StyledCounter-sc-gr2i7v-0 gwtRzC">LÃ¤gg till</button></div></div></div></div></div></div><div class="base__Wrapper-sc-1mnb0pd-6 base__FixedHeightWrapper-sc-1mnb0pd-41 fop__FixedHeightWrapper-sc-sgv9y1-0 gMlFiL jNtybn viewports-enabled-standard-fop__ViewportsEnabledFop-sc-zsokr2-0 eLImeH reg-price" data-visibility-id="ca2fc802-ac1b-4ee3-baad-5449eaaaedfe" data-test="fop-wrapper:ca2fc802-ac1b-4ee3-baad-5449eaaaedfe"><div class="base__BreadcrumbHeader-sc-1mnb0pd-0 iFkuNn"></div><div class="box__Box-sc-eqtis8-0 base__BoxCard-sc-1mnb0pd-5 eepUEu kPZdrA pl-classified"><div class="base__Header-sc-1mnb0pd-11 hKanCO"><div class="base__Media-sc-1mnb0pd-12 hfYvmL"><div class="base__ImageTopBar-sc-1mnb0pd-14 htbmfX"><div class="flex__Flex-sc-mmemlz-0 aQbjH"><div class="flex__Flex-sc-nm253f-0 base__ImageTopBarTopRow-sc-1mnb0pd-15 hCtgtf kWTiUu"></div></div></div><a href="https://handlaprivatkund.ica.se/stores/1015001/products/Chokladkaka-Romrussin-Hasseln%C3%B6t-100g-Ritter/2084377" data-synthetics="bop-link" class="link__Link-sc-14ymsi2-0 dSyqLR base__ImageWrapper-sc-1mnb0pd-23 iEwlm"><img alt="Chokladkaka Romrussin HasselnÃ¶t 100g Ritter" src="./ica_market_4_files/300x300(2).jpg" title="Chokladkaka Romrussin HasselnÃ¶t 100g Ritter" class="fop__Image-sc-sgv9y1-2 daCdrp"></a></div></div><div class="flex__Flex-sc-nm253f-0 base__BodyContainer-sc-1mnb0pd-33 hCtgtf ldErvm"><div data-test="fop-body" class="base__Body-sc-1mnb0pd-34 gRNUPx"><h3 class="text__Text-sc-6l1yjp-0 iWlLMY"><a href="https://handlaprivatkund.ica.se/stores/1015001/products/Chokladkaka-Romrussin-Hasseln%C3%B6t-100g-Ritter/2084377" data-test="fop-product-link" tabindex="-1" class="link__Link-sc-14ymsi2-0 dSyqLR link__Link-sc-14ymsi2-0 base__Title-sc-1mnb0pd-27 base__FixedHeightTitle-sc-1mnb0pd-43 dSyqLR ctGnCh cCRJZx">Chokladkaka Romrussin HasselnÃ¶t 100g Ritter</a></h3><div data-test="fop-offer"><div class="base__OfferContainer-sc-1mnb0pd-39 fop__OfferContainer-sc-sgv9y1-9 gWPOHe Uumoi"></div></div><div data-test="fop-size"><div class="base__Size-sc-1mnb0pd-37 fop__SizeContainer-sc-sgv9y1-3 fwBToe fHyhGh"><span class="text__Text-sc-6l1yjp-0 base__SizeText-sc-1mnb0pd-38 fop__SizeText-sc-sgv9y1-4 bhymDA iImbUZ jrvLpU">0.1kg</span><span class="text__Text-sc-6l1yjp-0 standard-promotion__PromotionIntentText-sc-1vpsrpe-2 fop__PricePerText-sc-sgv9y1-5 dLNLFE kxmtvg eNYENy">(189,50&nbsp;kr/kg)</span></div></div><div data-test="fop-price-wrapper" class="base__PriceWrapper-sc-1mnb0pd-28 dDLLyP"><strong data-test="fop-price" class="base__Price-sc-1mnb0pd-29 sc-ksdxAp gsTqdV jgzQed">18,95&nbsp;kr</strong></div></div><div class="base__Footer-sc-1mnb0pd-35 OzclY"><div class="spacing__Spacing-sc-ngu0v9-0 jGPXUg"><span aria-live="polite" aria-relevant="text" class="text__Text-sc-6l1yjp-0 cYotRp">Du har 0 av den hÃ¤r varan i kundvagnen</span><div data-synthetics="product-id:ca2fc802-ac1b-4ee3-baad-5449eaaaedfe" data-test="fop-counter" class="counter__Container-sc-6up7sl-0 dhaHDi counter__StyledCounter-sc-gr2i7v-0 gwtRzC"><button type="button" data-synthetics="add-button" data-test="counter-button" aria-label="LÃ¤gg till Chokladkaka Romrussin HasselnÃ¶t 100g Ritter i kundvagn" class="base-button__BaseButton-sc-1gkygj5-0 counter__Operator-sc-6up7sl-3 hdBVDE fUBxOO counter__StyledCounter-sc-gr2i7v-0 gwtRzC">LÃ¤gg till</button></div></div></div></div></div></div><div class="base__Wrapper-sc-1mnb0pd-6 base__FixedHeightWrapper-sc-1mnb0pd-41 fop__FixedHeightWrapper-sc-sgv9y1-0 gMlFiL jNtybn viewports-enabled-standard-fop__ViewportsEnabledFop-sc-zsokr2-0 eLImeH reg-price" data-visibility-id="1d1972fe-3dee-4cae-95a4-49fc8bb9c766" data-test="fop-wrapper:1d1972fe-3dee-4cae-95a4-49fc8bb9c766"><div class="base__BreadcrumbHeader-sc-1mnb0pd-0 iFkuNn"></div><div class="box__Box-sc-eqtis8-0 base__BoxCard-sc-1mnb0pd-5 eepUEu kPZdrA pl-classified"><div class="base__Header-sc-1mnb0pd-11 hKanCO"><div class="base__Media-sc-1mnb0pd-12 hfYvmL"><div class="base__ImageTopBar-sc-1mnb0pd-14 htbmfX"><div class="flex__Flex-sc-mmemlz-0 aQbjH"><div class="flex__Flex-sc-nm253f-0 base__ImageTopBarTopRow-sc-1mnb0pd-15 hCtgtf kWTiUu"></div></div></div><a href="https://handlaprivatkund.ica.se/stores/1015001/products/Chokladpralin-Lindor-Bag-Assorted-137g-Lindt/2079637" data-synthetics="bop-link" class="link__Link-sc-14ymsi2-0 dSyqLR base__ImageWrapper-sc-1mnb0pd-23 iEwlm"><img alt="Chokladpralin Lindor Bag Assorted 137g Lindt" src="./ica_market_4_files/300x300(3).jpg" title="Chokladpralin Lindor Bag Assorted 137g Lindt" class="fop__Image-sc-sgv9y1-2 daCdrp"></a></div></div><div class="flex__Flex-sc-nm253f-0 base__BodyContainer-sc-1mnb0pd-33 hCtgtf ldErvm"><div data-test="fop-body" class="base__Body-sc-1mnb0pd-34 gRNUPx"><h3 class="text__Text-sc-6l1yjp-0 iWlLMY"><a href="https://handlaprivatkund.ica.se/stores/1015001/products/Chokladpralin-Lindor-Bag-Assorted-137g-Lindt/2079637" data-test="fop-product-link" tabindex="-1" class="link__Link-sc-14ymsi2-0 dSyqLR link__Link-sc-14ymsi2-0 base__Title-sc-1mnb0pd-27 base__FixedHeightTitle-sc-1mnb0pd-43 dSyqLR ctGnCh cCRJZx">Chokladpralin Lindor Bag Assorted 137g Lindt</a></h3><div data-test="fop-offer"><div class="base__OfferContainer-sc-1mnb0pd-39 fop__OfferContainer-sc-sgv9y1-9 gWPOHe Uumoi"></div></div><div data-test="fop-size"><div class="base__Size-sc-1mnb0pd-37 fop__SizeContainer-sc-sgv9y1-3 fwBToe fHyhGh"><span class="text__Text-sc-6l1yjp-0 base__SizeText-sc-1mnb0pd-38 fop__SizeText-sc-sgv9y1-4 bhymDA iImbUZ jrvLpU">0.137kg</span><span class="text__Text-sc-6l1yjp-0 standard-promotion__PromotionIntentText-sc-1vpsrpe-2 fop__PricePerText-sc-sgv9y1-5 dLNLFE kxmtvg eNYENy">(320,80&nbsp;kr/kg)</span></div></div><div data-test="fop-price-wrapper" class="base__PriceWrapper-sc-1mnb0pd-28 dDLLyP"><strong data-test="fop-price" class="base__Price-sc-1mnb0pd-29 sc-ksdxAp gsTqdV jgzQed">43,95&nbsp;kr</strong></div></div><div class="base__Footer-sc-1mnb0pd-35 OzclY"><div class="spacing__Spacing-sc-ngu0v9-0 jGPXUg"><span aria-live="polite" aria-relevant="text" class="text__Text-sc-6l1yjp-0 cYotRp">Du har 0 av den hÃ¤r varan i kundvagnen</span><div data-synthetics="product-id:1d1972fe-3dee-4cae-95a4-49fc8bb9c766" data-test="fop-counter" class="counter__Container-sc-6up7sl-0 dhaHDi counter__StyledCounter-sc-gr2i7v-0 gwtRzC"><button type="button" data-synthetics="add-button" data-test="counter-button" aria-label="LÃ¤gg till Chokladpralin Lindor Bag Assorted 137g Lindt i kundvagn" class="base-button__BaseButton-sc-1gkygj5-0 counter__Operator-sc-6up7sl-3 hdBVDE fUBxOO counter__StyledCounter-sc-gr2i7v-0 gwtRzC">LÃ¤gg till</button></div></div></div></div></div></div><div class="base__Wrapper-sc-1mnb0pd-6 base__FixedHeightWrapper-sc-1mnb0pd-41 fop__FixedHeightWrapper-sc-sgv9y1-0 gMlFiL jNtybn viewports-enabled-standard-fop__ViewportsEnabledFop-sc-zsokr2-0 eLImeH reg-price" data-visibility-id="75d3b4ad-f901-4626-8021-4ec116fcca2c" data-test="fop-wrapper:75d3b4ad-f901-4626-8021-4ec116fcca2c"><div class="base__BreadcrumbHeader-sc-1mnb0pd-0 iFkuNn"></div><div class="box__Box-sc-eqtis8-0 base__BoxCard-sc-1mnb0pd-5 eepUEu kPZdrA pl-classified"><div class="base__Header-sc-1mnb0pd-11 hKanCO"><div class="base__Media-sc-1mnb0pd-12 hfYvmL"><div class="base__ImageTopBar-sc-1mnb0pd-14 htbmfX"><div class="flex__Flex-sc-mmemlz-0 aQbjH"><div class="flex__Flex-sc-nm253f-0 base__ImageTopBarTopRow-sc-1mnb0pd-15 hCtgtf kWTiUu"></div></div></div><a href="https://handlaprivatkund.ica.se/stores/1015001/products/Bouch%C3%A9er-Elefant-25g-Cote-d-Or/1454706" data-synthetics="bop-link" class="link__Link-sc-14ymsi2-0 dSyqLR base__ImageWrapper-sc-1mnb0pd-23 iEwlm"><img alt="BouchÃ©er Elefant 25g Cote dÂ´Or" src="./ica_market_4_files/300x300(4).jpg" title="BouchÃ©er Elefant 25g Cote dÂ´Or" class="fop__Image-sc-sgv9y1-2 daCdrp"></a></div></div><div class="flex__Flex-sc-nm253f-0 base__BodyContainer-sc-1mnb0pd-33 hCtgtf ldErvm"><div data-test="fop-body" class="base__Body-sc-1mnb0pd-34 gRNUPx"><h3 class="text__Text-sc-6l1yjp-0 iWlLMY"><a href="https://handlaprivatkund.ica.se/stores/1015001/products/Bouch%C3%A9er-Elefant-25g-Cote-d-Or/1454706" data-test="fop-product-link" tabindex="-1" class="link__Link-sc-14ymsi2-0 dSyqLR link__Link-sc-14ymsi2-0 base__Title-sc-1mnb0pd-27 base__FixedHeightTitle-sc-1mnb0pd-43 dSyqLR ctGnCh cCRJZx">BouchÃ©er Elefant 25g Cote dÂ´Or</a></h3><div data-test="fop-offer"><div class="base__OfferContainer-sc-1mnb0pd-39 fop__OfferContainer-sc-sgv9y1-9 gWPOHe Uumoi"></div></div><div data-test="fop-size"><div class="base__Size-sc-1mnb0pd-37 fop__SizeContainer-sc-sgv9y1-3 fwBToe fHyhGh"><span class="text__Text-sc-6l1yjp-0 base__SizeText-sc-1mnb0pd-38 fop__SizeText-sc-sgv9y1-4 bhymDA iImbUZ jrvLpU">0.025kg</span><span class="text__Text-sc-6l1yjp-0 standard-promotion__PromotionIntentText-sc-1vpsrpe-2 fop__PricePerText-sc-sgv9y1-5 dLNLFE kxmtvg eNYENy">(276,00&nbsp;kr/kg)</span></div></div><div data-test="fop-price-wrapper" class="base__PriceWrapper-sc-1mnb0pd-28 dDLLyP"><strong data-test="fop-price" class="base__Price-sc-1mnb0pd-29 sc-ksdxAp gsTqdV jgzQed">6,90&nbsp;kr</strong></div></div><div class="base__Footer-sc-1mnb0pd-35 OzclY"><div class="spacing__Spacing-sc-ngu0v9-0 jGPXUg"><span aria-live="polite" aria-relevant="text" class="text__Text-sc-6l1yjp-0 cYotRp">Du har 0 av den hÃ¤r varan i kundvagnen</span><div data-synthetics="product-id:75d3b4ad-f901-4626-8021-4ec116fcca2c" data-test="fop-counter" class="counter__Container-sc-6up7sl-0 dhaHDi counter__StyledCounter-sc-gr2i7v-0 gwtRzC"><button type="button" data-synthetics="add-button" data-test="counter-button" aria-label="LÃ¤gg till BouchÃ©er Elefant 25g Cote dÂ´Or i kundvagn" class="base-button__BaseButton-sc-1gkygj5-0 counter__Operator-sc-6up7sl-3 hdBVDE fUBxOO counter__StyledCounter-sc-gr2i7v-0 gwtRzC">LÃ¤gg till</button></div></div></div></div></div></div><div class="base__Wrapper-sc-1mnb0pd-6 base__FixedHeightWrapper-sc-1mnb0pd-41 fop__FixedHeightWrapper-sc-sgv9y1-0 gMlFiL jNtybn viewports-enabled-standard-fop__ViewportsEnabledFop-sc-zsokr2-0 eLImeH reg-price" data-visibility-id="fef391dc-1ee1-48b9-81c0-69cc1b9d1c94" data-test="fop-wrapper:fef391dc-1ee1-48b9-81c0-69cc1b9d1c94"><div class="base__BreadcrumbHeader-sc-1mnb0pd-0 iFkuNn"></div><div class="box__Box-sc-eqtis8-0 base__BoxCard-sc-1mnb0pd-5 eepUEu kPZdrA pl-classified"><div class="base__Header-sc-1mnb0pd-11 hKanCO"><div class="base__Media-sc-1mnb0pd-12 hfYvmL"><div class="base__ImageTopBar-sc-1mnb0pd-14 htbmfX"><div class="flex__Flex-sc-mmemlz-0 aQbjH"><div class="flex__Flex-sc-nm253f-0 base__ImageTopBarTopRow-sc-1mnb0pd-15 hCtgtf kWTiUu"></div></div></div><a href="https://handlaprivatkund.ica.se/stores/1015001/products/Gr%C3%A4ddkaramell-Choklad-Sockerfri-60g-Werthers-Orginal/1514957" data-synthetics="bop-link" class="link__Link-sc-14ymsi2-0 dSyqLR base__ImageWrapper-sc-1mnb0pd-23 iEwlm"><img alt="GrÃ¤ddkaramell Choklad Sockerfri 60g Werthers Orginal" src="./ica_market_4_files/300x300(5).jpg" title="GrÃ¤ddkaramell Choklad Sockerfri 60g Werthers Orginal" class="fop__Image-sc-sgv9y1-2 daCdrp"></a></div></div><div class="flex__Flex-sc-nm253f-0 base__BodyContainer-sc-1mnb0pd-33 hCtgtf ldErvm"><div data-test="fop-body" class="base__Body-sc-1mnb0pd-34 gRNUPx"><h3 class="text__Text-sc-6l1yjp-0 iWlLMY"><a href="https://handlaprivatkund.ica.se/stores/1015001/products/Gr%C3%A4ddkaramell-Choklad-Sockerfri-60g-Werthers-Orginal/1514957" data-test="fop-product-link" tabindex="-1" class="link__Link-sc-14ymsi2-0 dSyqLR link__Link-sc-14ymsi2-0 base__Title-sc-1mnb0pd-27 base__FixedHeightTitle-sc-1mnb0pd-43 dSyqLR ctGnCh cCRJZx">GrÃ¤ddkaramell Choklad Sockerfri 60g Werthers Orginal</a></h3><div data-test="fop-offer"><div class="base__OfferContainer-sc-1mnb0pd-39 fop__OfferContainer-sc-sgv9y1-9 gWPOHe Uumoi"></div></div><div data-test="fop-size"><div class="base__Size-sc-1mnb0pd-37 fop__SizeContainer-sc-sgv9y1-3 fwBToe fHyhGh"><span class="text__Text-sc-6l1yjp-0 base__SizeText-sc-1mnb0pd-38 fop__SizeText-sc-sgv9y1-4 bhymDA iImbUZ jrvLpU">0.06kg</span><span class="text__Text-sc-6l1yjp-0 standard-promotion__PromotionIntentText-sc-1vpsrpe-2 fop__PricePerText-sc-sgv9y1-5 dLNLFE kxmtvg eNYENy">(349,17&nbsp;kr/kg)</span></div></div><div data-test="fop-price-wrapper" class="base__PriceWrapper-sc-1mnb0pd-28 dDLLyP"><strong data-test="fop-price" class="base__Price-sc-1mnb0pd-29 sc-ksdxAp gsTqdV jgzQed">20,95&nbsp;kr</strong></div></div><div class="base__Footer-sc-1mnb0pd-35 OzclY"><div class="spacing__Spacing-sc-ngu0v9-0 jGPXUg"><span aria-live="polite" aria-relevant="text" class="text__Text-sc-6l1yjp-0 cYotRp">Du har 0 av den hÃ¤r varan i kundvagnen</span><div data-synthetics="product-id:fef391dc-1ee1-48b9-81c0-69cc1b9d1c94" data-test="fop-counter" class="counter__Container-sc-6up7sl-0 dhaHDi counter__StyledCounter-sc-gr2i7v-0 gwtRzC"><button type="button" data-synthetics="add-button" data-test="counter-button" aria-label="LÃ¤gg till GrÃ¤ddkaramell Choklad Sockerfri 60g Werthers Orginal i kundvagn" class="base-button__BaseButton-sc-1gkygj5-0 counter__Operator-sc-6up7sl-3 hdBVDE fUBxOO counter__StyledCounter-sc-gr2i7v-0 gwtRzC">LÃ¤gg till</button></div></div></div></div></div></div><div class="base__Wrapper-sc-1mnb0pd-6 base__FixedHeightWrapper-sc-1mnb0pd-41 fop__FixedHeightWrapper-sc-sgv9y1-0 gMlFiL jNtybn viewports-enabled-standard-fop__ViewportsEnabledFop-sc-zsokr2-0 eLImeH reg-price" data-visibility-id="2069d776-4498-4539-8f38-c7f5ad3ca40c" data-test="fop-wrapper:2069d776-4498-4539-8f38-c7f5ad3ca40c"><div class="base__BreadcrumbHeader-sc-1mnb0pd-0 iFkuNn"></div><div class="box__Box-sc-eqtis8-0 base__BoxCard-sc-1mnb0pd-5 eepUEu kPZdrA pl-classified"><div class="base__Header-sc-1mnb0pd-11 hKanCO"><div class="base__Media-sc-1mnb0pd-12 hfYvmL"><div class="base__ImageTopBar-sc-1mnb0pd-14 htbmfX"><div class="flex__Flex-sc-mmemlz-0 aQbjH"><div class="flex__Flex-sc-nm253f-0 base__ImageTopBarTopRow-sc-1mnb0pd-15 hCtgtf kWTiUu"></div></div></div><a href="https://handlaprivatkund.ica.se/stores/1015001/products/Chokladkaka-Mj%C3%B6lkchoklad-med-salmiakfyllning-100g-Fazer/1384351" data-synthetics="bop-link" class="link__Link-sc-14ymsi2-0 dSyqLR base__ImageWrapper-sc-1mnb0pd-23 iEwlm"><img alt="Chokladkaka MjÃ¶lkchoklad med salmiakfyllning 100g Fazer" src="./ica_market_4_files/300x300(6).jpg" title="Chokladkaka MjÃ¶lkchoklad med salmiakfyllning 100g Fazer" class="fop__Image-sc-sgv9y1-2 daCdrp"></a></div></div><div class="flex__Flex-sc-nm253f-0 base__BodyContainer-sc-1mnb0pd-33 hCtgtf ldErvm"><div data-test="fop-body" class="base__Body-sc-1mnb0pd-34 gRNUPx"><h3 class="text__Text-sc-6l1yjp-0 iWlLMY"><a href="https://handlaprivatkund.ica.se/stores/1015001/products/Chokladkaka-Mj%C3%B6lkchoklad-med-salmiakfyllning-100g-Fazer/1384351" data-test="fop-product-link" tabindex="-1" class="link__Link-sc-14ymsi2-0 dSyqLR link__Link-sc-14ymsi2-0 base__Title-sc-1mnb0pd-27 base__FixedHeightTitle-sc-1mnb0pd-43 dSyqLR ctGnCh cCRJZx">Chokladkaka MjÃ¶lkchoklad med salmiakfyllning 100g Fazer</a></h3><div data-test="fop-offer"><div class="base__OfferContainer-sc-1mnb0pd-39 fop__OfferContainer-sc-sgv9y1-9 gWPOHe Uumoi"></div></div><div data-test="fop-size"><div class="base__Size-sc-1mnb0pd-37 fop__SizeContainer-sc-sgv9y1-3 fwBToe fHyhGh"><span class="text__Text-sc-6l1yjp-0 base__SizeText-sc-1mnb0pd-38 fop__SizeText-sc-sgv9y1-4 bhymDA iImbUZ jrvLpU">0.1kg</span><span class="text__Text-sc-6l1yjp-0 standard-promotion__PromotionIntentText-sc-1vpsrpe-2 fop__PricePerText-sc-sgv9y1-5 dLNLFE kxmtvg eNYENy">(159,50&nbsp;kr/kg)</span></div></div><div data-test="fop-price-wrapper" class="base__PriceWrapper-sc-1mnb0pd-28 dDLLyP"><strong data-test="fop-price" class="base__Price-sc-1mnb0pd-29 sc-ksdxAp gsTqdV jgzQed">15,95&nbsp;kr</strong></div></div><div class="base__Footer-sc-1mnb0pd-35 OzclY"><div class="spacing__Spacing-sc-ngu0v9-0 jGPXUg"><span aria-live="polite" aria-relevant="text" class="text__Text-sc-6l1yjp-0 cYotRp">Du har 0 av den hÃ¤r varan i kundvagnen</span><div data-synthetics="product-id:2069d776-4498-4539-8f38-c7f5ad3ca40c" data-test="fop-counter" class="counter__Container-sc-6up7sl-0 dhaHDi counter__StyledCounter-sc-gr2i7v-0 gwtRzC"><button type="button" data-synthetics="add-button" data-test="counter-button" aria-label="LÃ¤gg till Chokladkaka MjÃ¶lkchoklad med salmiakfyllning 100g Fazer i kundvagn" class="base-button__BaseButton-sc-1gkygj5-0 counter__Operator-sc-6up7sl-3 hdBVDE fUBxOO counter__StyledCounter-sc-gr2i7v-0 gwtRzC">LÃ¤gg till</button></div></div></div></div></div></div><div class="base__Wrapper-sc-1mnb0pd-6 base__FixedHeightWrapper-sc-1mnb0pd-41 fop__FixedHeightWrapper-sc-sgv9y1-0 gMlFiL jNtybn viewports-enabled-standard-fop__ViewportsEnabledFop-sc-zsokr2-0 eLImeH reg-price" data-visibility-id="c9775758-10b1-4e81-b09a-40b9d972111c" data-test="fop-wrapper:c9775758-10b1-4e81-b09a-40b9d972111c"><div class="base__BreadcrumbHeader-sc-1mnb0pd-0 iFkuNn"></div><div class="box__Box-sc-eqtis8-0 base__BoxCard-sc-1mnb0pd-5 eepUEu kPZdrA pl-classified"><div class="base__Header-sc-1mnb0pd-11 hKanCO"><div class="base__Media-sc-1mnb0pd-12 hfYvmL"><div class="base__ImageTopBar-sc-1mnb0pd-14 htbmfX"><div class="flex__Flex-sc-mmemlz-0 aQbjH"><div class="flex__Flex-sc-nm253f-0 base__ImageTopBarTopRow-sc-1mnb0pd-15 hCtgtf kWTiUu"></div></div></div><a href="https://handlaprivatkund.ica.se/stores/1015001/products/Mj%C3%B6lkchoklad-Geisha-37g-Fazer/1391038" data-synthetics="bop-link" class="link__Link-sc-14ymsi2-0 dSyqLR base__ImageWrapper-sc-1mnb0pd-23 iEwlm"><img alt="MjÃ¶lkchoklad Geisha 37g Fazer" src="./ica_market_4_files/300x300(7).jpg" title="MjÃ¶lkchoklad Geisha 37g Fazer" class="fop__Image-sc-sgv9y1-2 daCdrp"></a></div></div><div class="flex__Flex-sc-nm253f-0 base__BodyContainer-sc-1mnb0pd-33 hCtgtf ldErvm"><div data-test="fop-body" class="base__Body-sc-1mnb0pd-34 gRNUPx"><h3 class="text__Text-sc-6l1yjp-0 iWlLMY"><a href="https://handlaprivatkund.ica.se/stores/1015001/products/Mj%C3%B6lkchoklad-Geisha-37g-Fazer/1391038" data-test="fop-product-link" tabindex="-1" class="link__Link-sc-14ymsi2-0 dSyqLR link__Link-sc-14ymsi2-0 base__Title-sc-1mnb0pd-27 base__FixedHeightTitle-sc-1mnb0pd-43 dSyqLR ctGnCh cCRJZx">MjÃ¶lkchoklad Geisha 37g Fazer</a></h3><div data-test="fop-offer"><div class="base__OfferContainer-sc-1mnb0pd-39 fop__OfferContainer-sc-sgv9y1-9 gWPOHe Uumoi"></div></div><div data-test="fop-size"><div class="base__Size-sc-1mnb0pd-37 fop__SizeContainer-sc-sgv9y1-3 fwBToe fHyhGh"><span class="text__Text-sc-6l1yjp-0 base__SizeText-sc-1mnb0pd-38 fop__SizeText-sc-sgv9y1-4 bhymDA iImbUZ jrvLpU">0.037kg</span><span class="text__Text-sc-6l1yjp-0 standard-promotion__PromotionIntentText-sc-1vpsrpe-2 fop__PricePerText-sc-sgv9y1-5 dLNLFE kxmtvg eNYENy">(241,89&nbsp;kr/kg)</span></div></div><div data-test="fop-price-wrapper" class="base__PriceWrapper-sc-1mnb0pd-28 dDLLyP"><strong data-test="fop-price" class="base__Price-sc-1mnb0pd-29 sc-ksdxAp gsTqdV jgzQed">8,95&nbsp;kr</strong></div></div><div class="base__Footer-sc-1mnb0pd-35 OzclY"><div class="spacing__Spacing-sc-ngu0v9-0 jGPXUg"><span aria-live="polite" aria-relevant="text" class="text__Text-sc-6l1yjp-0 cYotRp">Du har 0 av den hÃ¤r varan i kundvagnen</span><div data-synthetics="product-id:c9775758-10b1-4e81-b09a-40b9d972111c" data-test="fop-counter" class="counter__Container-sc-6up7sl-0 dhaHDi counter__StyledCounter-sc-gr2i7v-0 gwtRzC"><button type="button" data-synthetics="add-button" data-test="counter-button" aria-label="LÃ¤gg till MjÃ¶lkchoklad Geisha 37g Fazer i kundvagn" class="base-button__BaseButton-sc-1gkygj5-0 counter__Operator-sc-6up7sl-3 hdBVDE fUBxOO counter__StyledCounter-sc-gr2i7v-0 gwtRzC">LÃ¤gg till</button></div></div></div></div></div></div><div class="base__Wrapper-sc-1mnb0pd-6 base__FixedHeightWrapper-sc-1mnb0pd-41 fop__FixedHeightWrapper-sc-sgv9y1-0 gMlFiL jNtybn viewports-enabled-standard-fop__ViewportsEnabledFop-sc-zsokr2-0 eLImeH reg-price" data-visibility-id="45cf5824-baf9-45ce-ae49-b0f2a6c0a0a6" data-test="fop-wrapper:45cf5824-baf9-45ce-ae49-b0f2a6c0a0a6"><div class="base__BreadcrumbHeader-sc-1mnb0pd-0 iFkuNn"></div><div class="box__Box-sc-eqtis8-0 base__BoxCard-sc-1mnb0pd-5 eepUEu kPZdrA pl-classified"><div class="base__Header-sc-1mnb0pd-11 hKanCO"><div class="base__Media-sc-1mnb0pd-12 hfYvmL"><div class="base__ImageTopBar-sc-1mnb0pd-14 htbmfX"><div class="flex__Flex-sc-mmemlz-0 aQbjH"><div class="flex__Flex-sc-nm253f-0 base__ImageTopBarTopRow-sc-1mnb0pd-15 hCtgtf kWTiUu"></div></div></div><a href="https://handlaprivatkund.ica.se/stores/1015001/products/Mj%C3%B6lkchoklad-Laktosfri-100g-Greenstar/2000509" data-synthetics="bop-link" class="link__Link-sc-14ymsi2-0 dSyqLR base__ImageWrapper-sc-1mnb0pd-23 iEwlm"><img alt="MjÃ¶lkchoklad Laktosfri 100g Greenstar" src="./ica_market_4_files/300x300(8).jpg" title="MjÃ¶lkchoklad Laktosfri 100g Greenstar" class="fop__Image-sc-sgv9y1-2 daCdrp"></a></div></div><div class="flex__Flex-sc-nm253f-0 base__BodyContainer-sc-1mnb0pd-33 hCtgtf ldErvm"><div data-test="fop-body" class="base__Body-sc-1mnb0pd-34 gRNUPx"><h3 class="text__Text-sc-6l1yjp-0 iWlLMY"><a href="https://handlaprivatkund.ica.se/stores/1015001/products/Mj%C3%B6lkchoklad-Laktosfri-100g-Greenstar/2000509" data-test="fop-product-link" tabindex="-1" class="link__Link-sc-14ymsi2-0 dSyqLR link__Link-sc-14ymsi2-0 base__Title-sc-1mnb0pd-27 base__FixedHeightTitle-sc-1mnb0pd-43 dSyqLR ctGnCh cCRJZx">MjÃ¶lkchoklad Laktosfri 100g Greenstar</a></h3><div data-test="fop-offer"><div class="base__OfferContainer-sc-1mnb0pd-39 fop__OfferContainer-sc-sgv9y1-9 gWPOHe Uumoi"></div></div><div data-test="fop-size"><div class="base__Size-sc-1mnb0pd-37 fop__SizeContainer-sc-sgv9y1-3 fwBToe fHyhGh"><span class="text__Text-sc-6l1yjp-0 base__SizeText-sc-1mnb0pd-38 fop__SizeText-sc-sgv9y1-4 bhymDA iImbUZ jrvLpU">0.1kg</span><span class="text__Text-sc-6l1yjp-0 standard-promotion__PromotionIntentText-sc-1vpsrpe-2 fop__PricePerText-sc-sgv9y1-5 dLNLFE kxmtvg eNYENy">(319,50&nbsp;kr/kg)</span></div></div><div data-test="fop-price-wrapper" class="base__PriceWrapper-sc-1mnb0pd-28 dDLLyP"><strong data-test="fop-price" class="base__Price-sc-1mnb0pd-29 sc-ksdxAp gsTqdV jgzQed">31,95&nbsp;kr</strong></div></div><div class="base__Footer-sc-1mnb0pd-35 OzclY"><div class="spacing__Spacing-sc-ngu0v9-0 jGPXUg"><span aria-live="polite" aria-relevant="text" class="text__Text-sc-6l1yjp-0 cYotRp">Du har 0 av den hÃ¤r varan i kundvagnen</span><div data-synthetics="product-id:45cf5824-baf9-45ce-ae49-b0f2a6c0a0a6" data-test="fop-counter" class="counter__Container-sc-6up7sl-0 dhaHDi counter__StyledCounter-sc-gr2i7v-0 gwtRzC"><button type="button" data-synthetics="add-button" data-test="counter-button" aria-label="LÃ¤gg till MjÃ¶lkchoklad Laktosfri 100g Greenstar i kundvagn" class="base-button__BaseButton-sc-1gkygj5-0 counter__Operator-sc-6up7sl-3 hdBVDE fUBxOO counter__StyledCounter-sc-gr2i7v-0 gwtRzC">LÃ¤gg till</button></div></div></div></div></div></div><div class="base__Wrapper-sc-1mnb0pd-6 base__FixedHeightWrapper-sc-1mnb0pd-41 fop__FixedHeightWrapper-sc-sgv9y1-0 gMlFiL jNtybn viewports-enabled-standard-fop__ViewportsEnabledFop-sc-zsokr2-0 eLImeH reg-price" data-visibility-id="ec5add70-5591-4b3b-b067-5a0b4b851032" data-test="fop-wrapper:ec5add70-5591-4b3b-b067-5a0b4b851032"><div class="base__BreadcrumbHeader-sc-1mnb0pd-0 iFkuNn"></div><div class="box__Box-sc-eqtis8-0 base__BoxCard-sc-1mnb0pd-5 eepUEu kPZdrA pl-classified"><div class="base__Header-sc-1mnb0pd-11 hKanCO"><div class="base__Media-sc-1mnb0pd-12 hfYvmL"><div class="base__ImageTopBar-sc-1mnb0pd-14 htbmfX"><div class="flex__Flex-sc-mmemlz-0 aQbjH"><div class="flex__Flex-sc-nm253f-0 base__ImageTopBarTopRow-sc-1mnb0pd-15 hCtgtf kWTiUu"></div></div></div><a href="https://handlaprivatkund.ica.se/stores/1015001/products/Chokladkaka-Excellence-Mango-Almond-100g-Lindt/2100708" data-synthetics="bop-link" class="link__Link-sc-14ymsi2-0 dSyqLR base__ImageWrapper-sc-1mnb0pd-23 iEwlm"><img alt="Chokladkaka Excellence Mango Almond 100g Lindt" src="./ica_market_4_files/300x300(9).jpg" title="Chokladkaka Excellence Mango Almond 100g Lindt" class="fop__Image-sc-sgv9y1-2 daCdrp"></a></div></div><div class="flex__Flex-sc-nm253f-0 base__BodyContainer-sc-1mnb0pd-33 hCtgtf ldErvm"><div data-test="fop-body" class="base__Body-sc-1mnb0pd-34 gRNUPx"><h3 class="text__Text-sc-6l1yjp-0 iWlLMY"><a href="https://handlaprivatkund.ica.se/stores/1015001/products/Chokladkaka-Excellence-Mango-Almond-100g-Lindt/2100708" data-test="fop-product-link" tabindex="-1" class="link__Link-sc-14ymsi2-0 dSyqLR link__Link-sc-14ymsi2-0 base__Title-sc-1mnb0pd-27 base__FixedHeightTitle-sc-1mnb0pd-43 dSyqLR ctGnCh cCRJZx">Chokladkaka Excellence Mango Almond 100g Lindt</a></h3><div data-test="fop-offer"><div class="base__OfferContainer-sc-1mnb0pd-39 fop__OfferContainer-sc-sgv9y1-9 gWPOHe Uumoi"></div></div><div data-test="fop-size"><div class="base__Size-sc-1mnb0pd-37 fop__SizeContainer-sc-sgv9y1-3 fwBToe fHyhGh"><span class="text__Text-sc-6l1yjp-0 base__SizeText-sc-1mnb0pd-38 fop__SizeText-sc-sgv9y1-4 bhymDA iImbUZ jrvLpU">0.1kg</span><span class="text__Text-sc-6l1yjp-0 standard-promotion__PromotionIntentText-sc-1vpsrpe-2 fop__PricePerText-sc-sgv9y1-5 dLNLFE kxmtvg eNYENy">(309,50&nbsp;kr/kg)</span></div></div><div data-test="fop-price-wrapper" class="base__PriceWrapper-sc-1mnb0pd-28 dDLLyP"><strong data-test="fop-price" class="base__Price-sc-1mnb0pd-29 sc-ksdxAp gsTqdV jgzQed">30,95&nbsp;kr</strong></div></div><div class="base__Footer-sc-1mnb0pd-35 OzclY"><div class="spacing__Spacing-sc-ngu0v9-0 jGPXUg"><span aria-live="polite" aria-relevant="text" class="text__Text-sc-6l1yjp-0 cYotRp">Du har 0 av den hÃ¤r varan i kundvagnen</span><div data-synthetics="product-id:ec5add70-5591-4b3b-b067-5a0b4b851032" data-test="fop-counter" class="counter__Container-sc-6up7sl-0 dhaHDi counter__StyledCounter-sc-gr2i7v-0 gwtRzC"><button type="button" data-synthetics="add-button" data-test="counter-button" aria-label="LÃ¤gg till Chokladkaka Excellence Mango Almond 100g Lindt i kundvagn" class="base-button__BaseButton-sc-1gkygj5-0 counter__Operator-sc-6up7sl-3 hdBVDE fUBxOO counter__StyledCounter-sc-gr2i7v-0 gwtRzC">LÃ¤gg till</button></div></div></div></div></div></div><div class="base__Wrapper-sc-1mnb0pd-6 base__FixedHeightWrapper-sc-1mnb0pd-41 fop__FixedHeightWrapper-sc-sgv9y1-0 gMlFiL jNtybn viewports-enabled-standard-fop__ViewportsEnabledFop-sc-zsokr2-0 eLImeH reg-price" data-visibility-id="d1f5d54a-71b0-4601-890d-b0d1c1ccee09" data-test="fop-wrapper:d1f5d54a-71b0-4601-890d-b0d1c1ccee09"><div class="base__BreadcrumbHeader-sc-1mnb0pd-0 iFkuNn"></div><div class="box__Box-sc-eqtis8-0 base__BoxCard-sc-1mnb0pd-5 eepUEu kPZdrA pl-classified"><div class="base__Header-sc-1mnb0pd-11 hKanCO"><div class="base__Media-sc-1mnb0pd-12 hfYvmL"><div class="base__ImageTopBar-sc-1mnb0pd-14 htbmfX"><div class="flex__Flex-sc-mmemlz-0 aQbjH"><div class="flex__Flex-sc-nm253f-0 base__ImageTopBarTopRow-sc-1mnb0pd-15 hCtgtf kWTiUu"></div></div></div><a href="https://handlaprivatkund.ica.se/stores/1015001/products/Chokladbar-Peanuts-n-Fudge-40g-Nick-s/2075798" data-synthetics="bop-link" class="link__Link-sc-14ymsi2-0 dSyqLR base__ImageWrapper-sc-1mnb0pd-23 iEwlm"><img alt="Chokladbar Peanuts n&#39; Fudge 40g NickÂ´s" src="./ica_market_4_files/300x300(10).jpg" title="Chokladbar Peanuts n&#39; Fudge 40g NickÂ´s" class="fop__Image-sc-sgv9y1-2 daCdrp"></a></div></div><div class="flex__Flex-sc-nm253f-0 base__BodyContainer-sc-1mnb0pd-33 hCtgtf ldErvm"><div data-test="fop-body" class="base__Body-sc-1mnb0pd-34 gRNUPx"><h3 class="text__Text-sc-6l1yjp-0 iWlLMY"><a href="https://handlaprivatkund.ica.se/stores/1015001/products/Chokladbar-Peanuts-n-Fudge-40g-Nick-s/2075798" data-test="fop-product-link" tabindex="-1" class="link__Link-sc-14ymsi2-0 dSyqLR link__Link-sc-14ymsi2-0 base__Title-sc-1mnb0pd-27 base__FixedHeightTitle-sc-1mnb0pd-43 dSyqLR ctGnCh cCRJZx">Chokladbar Peanuts n' Fudge 40g NickÂ´s</a></h3><div data-test="fop-offer"><div class="base__OfferContainer-sc-1mnb0pd-39 fop__OfferContainer-sc-sgv9y1-9 gWPOHe Uumoi"></div></div><div data-test="fop-size"><div class="base__Size-sc-1mnb0pd-37 fop__SizeContainer-sc-sgv9y1-3 fwBToe fHyhGh"><span class="text__Text-sc-6l1yjp-0 base__SizeText-sc-1mnb0pd-38 fop__SizeText-sc-sgv9y1-4 bhymDA iImbUZ jrvLpU">0.04kg</span><span class="text__Text-sc-6l1yjp-0 standard-promotion__PromotionIntentText-sc-1vpsrpe-2 fop__PricePerText-sc-sgv9y1-5 dLNLFE kxmtvg eNYENy">(273,75&nbsp;kr/kg)</span></div></div><div data-test="fop-price-wrapper" class="base__PriceWrapper-sc-1mnb0pd-28 dDLLyP"><strong data-test="fop-price" class="base__Price-sc-1mnb0pd-29 sc-ksdxAp gsTqdV jgzQed">10,95&nbsp;kr</strong></div></div><div class="base__Footer-sc-1mnb0pd-35 OzclY"><div class="spacing__Spacing-sc-ngu0v9-0 jGPXUg"><span aria-live="polite" aria-relevant="text" class="text__Text-sc-6l1yjp-0 cYotRp">Du har 0 av den hÃ¤r varan i kundvagnen</span><div data-synthetics="product-id:d1f5d54a-71b0-4601-890d-b0d1c1ccee09" data-test="fop-counter" class="counter__Container-sc-6up7sl-0 dhaHDi counter__StyledCounter-sc-gr2i7v-0 gwtRzC"><button type="button" data-synthetics="add-button" data-test="counter-button" aria-label="LÃ¤gg till Chokladbar Peanuts n&#39; Fudge 40g NickÂ´s i kundvagn" class="base-button__BaseButton-sc-1gkygj5-0 counter__Operator-sc-6up7sl-3 hdBVDE fUBxOO counter__StyledCounter-sc-gr2i7v-0 gwtRzC">LÃ¤gg till</button></div></div></div></div></div></div><div class="base__Wrapper-sc-1mnb0pd-6 base__FixedHeightWrapper-sc-1mnb0pd-41 fop__FixedHeightWrapper-sc-sgv9y1-0 gMlFiL jNtybn viewports-enabled-standard-fop__ViewportsEnabledFop-sc-zsokr2-0 eLImeH reg-price" data-visibility-id="459a87aa-3c2b-438e-b806-6d9083b6374f" data-test="fop-wrapper:459a87aa-3c2b-438e-b806-6d9083b6374f"><div class="base__BreadcrumbHeader-sc-1mnb0pd-0 iFkuNn"></div><div class="box__Box-sc-eqtis8-0 base__BoxCard-sc-1mnb0pd-5 eepUEu kPZdrA pl-classified"><div class="base__Header-sc-1mnb0pd-11 hKanCO"><div class="base__Media-sc-1mnb0pd-12 hfYvmL"><div class="base__ImageTopBar-sc-1mnb0pd-14 htbmfX"><div class="flex__Flex-sc-mmemlz-0 aQbjH"><div class="flex__Flex-sc-nm253f-0 base__ImageTopBarTopRow-sc-1mnb0pd-15 hCtgtf kWTiUu"></div></div></div><div class="base__ImageBottomBar-sc-1mnb0pd-22 fnUTQB"><div class="base__ProductAttributes-sc-1mnb0pd-25 bKorYI"><span title="Rainforest Alliance certifierad" data-test="lifestyle-icon__rainforest-alliance" class="product-attribute-icon__ProductAttributeIconSvg-sc-40nmqh-0 base__ProductAttribute-sc-1mnb0pd-26 fVwPNQ"><svg><use href="#svg-rainforest-alliance"></use></svg></span></div></div><a href="https://handlaprivatkund.ica.se/stores/1015001/products/Plopp-Fresh-Mint-80g-Cloetta/2100050" data-synthetics="bop-link" class="link__Link-sc-14ymsi2-0 dSyqLR base__ImageWrapper-sc-1mnb0pd-23 iEwlm"><img alt="Plopp Fresh Mint 80g Cloetta Rainforest Alliance certifierad" src="./ica_market_4_files/300x300(11).jpg" title="Plopp Fresh Mint 80g Cloetta" class="fop__Image-sc-sgv9y1-2 daCdrp"></a></div></div><div class="flex__Flex-sc-nm253f-0 base__BodyContainer-sc-1mnb0pd-33 hCtgtf ldErvm"><div data-test="fop-body" class="base__Body-sc-1mnb0pd-34 gRNUPx"><h3 class="text__Text-sc-6l1yjp-0 iWlLMY"><a href="https://handlaprivatkund.ica.se/stores/1015001/products/Plopp-Fresh-Mint-80g-Cloetta/2100050" data-test="fop-product-link" tabindex="-1" class="link__Link-sc-14ymsi2-0 dSyqLR link__Link-sc-14ymsi2-0 base__Title-sc-1mnb0pd-27 base__FixedHeightTitle-sc-1mnb0pd-43 dSyqLR ctGnCh cCRJZx">Plopp Fresh Mint 80g Cloetta</a></h3><div data-test="fop-offer"><div class="base__OfferContainer-sc-1mnb0pd-39 fop__OfferContainer-sc-sgv9y1-9 gWPOHe Uumoi"></div></div><div data-test="fop-size"><div class="base__Size-sc-1mnb0pd-37 fop__SizeContainer-sc-sgv9y1-3 fwBToe fHyhGh"><span class="text__Text-sc-6l1yjp-0 base__SizeText-sc-1mnb0pd-38 fop__SizeText-sc-sgv9y1-4 bhymDA iImbUZ jrvLpU">0.08kg</span><span class="text__Text-sc-6l1yjp-0 standard-promotion__PromotionIntentText-sc-1vpsrpe-2 fop__PricePerText-sc-sgv9y1-5 dLNLFE kxmtvg eNYENy">(186,88&nbsp;kr/kg)</span></div></div><div data-test="fop-price-wrapper" class="base__PriceWrapper-sc-1mnb0pd-28 dDLLyP"><strong data-test="fop-price" class="base__Price-sc-1mnb0pd-29 sc-ksdxAp gsTqdV jgzQed">14,95&nbsp;kr</strong></div></div><div class="base__Footer-sc-1mnb0pd-35 OzclY"><div class="spacing__Spacing-sc-ngu0v9-0 jGPXUg"><span aria-live="polite" aria-relevant="text" class="text__Text-sc-6l1yjp-0 cYotRp">Du har 0 av den hÃ¤r varan i kundvagnen</span><div data-synthetics="product-id:459a87aa-3c2b-438e-b806-6d9083b6374f" data-test="fop-counter" class="counter__Container-sc-6up7sl-0 dhaHDi counter__StyledCounter-sc-gr2i7v-0 gwtRzC"><button type="button" data-synthetics="add-button" data-test="counter-button" aria-label="LÃ¤gg till Plopp Fresh Mint 80g Cloetta i kundvagn" class="base-button__BaseButton-sc-1gkygj5-0 counter__Operator-sc-6up7sl-3 hdBVDE fUBxOO counter__StyledCounter-sc-gr2i7v-0 gwtRzC">LÃ¤gg till</button></div></div></div></div></div></div><div class="base__Wrapper-sc-1mnb0pd-6 base__FixedHeightWrapper-sc-1mnb0pd-41 fop__FixedHeightWrapper-sc-sgv9y1-0 gMlFiL jNtybn viewports-enabled-standard-fop__ViewportsEnabledFop-sc-zsokr2-0 eLImeH reg-price" data-visibility-id="54883f7b-a74d-4186-ac24-89207c12cbc9" data-test="fop-wrapper:54883f7b-a74d-4186-ac24-89207c12cbc9"><div class="base__BreadcrumbHeader-sc-1mnb0pd-0 iFkuNn"></div><div class="box__Box-sc-eqtis8-0 base__BoxCard-sc-1mnb0pd-5 eepUEu kPZdrA pl-classified"><div class="base__Header-sc-1mnb0pd-11 hKanCO"><div class="base__Media-sc-1mnb0pd-12 hfYvmL"><div class="base__ImageTopBar-sc-1mnb0pd-14 htbmfX"><div class="flex__Flex-sc-mmemlz-0 aQbjH"><div class="flex__Flex-sc-nm253f-0 base__ImageTopBarTopRow-sc-1mnb0pd-15 hCtgtf kWTiUu"></div></div></div><a href="https://handlaprivatkund.ica.se/stores/1015001/products/Chokladkaka-EXCELLENCE-Honung-Mandel-M%C3%B6rk-100g-Lindt/2091725" data-synthetics="bop-link" class="link__Link-sc-14ymsi2-0 dSyqLR base__ImageWrapper-sc-1mnb0pd-23 iEwlm"><img alt="Chokladkaka EXCELLENCE Honung Mandel MÃ¶rk 100g Lindt" src="./ica_market_4_files/300x300(12).jpg" title="Chokladkaka EXCELLENCE Honung Mandel MÃ¶rk 100g Lindt" class="fop__Image-sc-sgv9y1-2 daCdrp"></a></div></div><div class="flex__Flex-sc-nm253f-0 base__BodyContainer-sc-1mnb0pd-33 hCtgtf ldErvm"><div data-test="fop-body" class="base__Body-sc-1mnb0pd-34 gRNUPx"><h3 class="text__Text-sc-6l1yjp-0 iWlLMY"><a href="https://handlaprivatkund.ica.se/stores/1015001/products/Chokladkaka-EXCELLENCE-Honung-Mandel-M%C3%B6rk-100g-Lindt/2091725" data-test="fop-product-link" tabindex="-1" class="link__Link-sc-14ymsi2-0 dSyqLR link__Link-sc-14ymsi2-0 base__Title-sc-1mnb0pd-27 base__FixedHeightTitle-sc-1mnb0pd-43 dSyqLR ctGnCh cCRJZx">Chokladkaka EXCELLENCE Honung Mandel MÃ¶rk 100g Lindt</a></h3><div data-test="fop-offer"><div class="base__OfferContainer-sc-1mnb0pd-39 fop__OfferContainer-sc-sgv9y1-9 gWPOHe Uumoi"></div></div><div data-test="fop-size"><div class="base__Size-sc-1mnb0pd-37 fop__SizeContainer-sc-sgv9y1-3 fwBToe fHyhGh"><span class="text__Text-sc-6l1yjp-0 base__SizeText-sc-1mnb0pd-38 fop__SizeText-sc-sgv9y1-4 bhymDA iImbUZ jrvLpU">0.1kg</span><span class="text__Text-sc-6l1yjp-0 standard-promotion__PromotionIntentText-sc-1vpsrpe-2 fop__PricePerText-sc-sgv9y1-5 dLNLFE kxmtvg eNYENy">(309,50&nbsp;kr/kg)</span></div></div><div data-test="fop-price-wrapper" class="base__PriceWrapper-sc-1mnb0pd-28 dDLLyP"><strong data-test="fop-price" class="base__Price-sc-1mnb0pd-29 sc-ksdxAp gsTqdV jgzQed">30,95&nbsp;kr</strong></div></div><div class="base__Footer-sc-1mnb0pd-35 OzclY"><div class="spacing__Spacing-sc-ngu0v9-0 jGPXUg"><span aria-live="polite" aria-relevant="text" class="text__Text-sc-6l1yjp-0 cYotRp">Du har 0 av den hÃ¤r varan i kundvagnen</span><div data-synthetics="product-id:54883f7b-a74d-4186-ac24-89207c12cbc9" data-test="fop-counter" class="counter__Container-sc-6up7sl-0 dhaHDi counter__StyledCounter-sc-gr2i7v-0 gwtRzC"><button type="button" data-synthetics="add-button" data-test="counter-button" aria-label="LÃ¤gg till Chokladkaka EXCELLENCE Honung Mandel MÃ¶rk 100g Lindt i kundvagn" class="base-button__BaseButton-sc-1gkygj5-0 counter__Operator-sc-6up7sl-3 hdBVDE fUBxOO counter__StyledCounter-sc-gr2i7v-0 gwtRzC">LÃ¤gg till</button></div></div></div></div></div></div><div class="base__Wrapper-sc-1mnb0pd-6 base__FixedHeightWrapper-sc-1mnb0pd-41 fop__FixedHeightWrapper-sc-sgv9y1-0 gMlFiL jNtybn viewports-enabled-standard-fop__ViewportsEnabledFop-sc-zsokr2-0 eLImeH reg-price" data-visibility-id="8756b9ef-1385-45a1-bdcd-6a3e8e01fa2f" data-test="fop-wrapper:8756b9ef-1385-45a1-bdcd-6a3e8e01fa2f"><div class="base__BreadcrumbHeader-sc-1mnb0pd-0 iFkuNn"></div><div class="box__Box-sc-eqtis8-0 base__BoxCard-sc-1mnb0pd-5 eepUEu kPZdrA pl-classified"><div class="base__Header-sc-1mnb0pd-11 hKanCO"><div class="base__Media-sc-1mnb0pd-12 hfYvmL"><div class="base__ImageTopBar-sc-1mnb0pd-14 htbmfX"><div class="flex__Flex-sc-mmemlz-0 aQbjH"><div class="flex__Flex-sc-nm253f-0 base__ImageTopBarTopRow-sc-1mnb0pd-15 hCtgtf kWTiUu"></div></div></div><a href="https://handlaprivatkund.ica.se/stores/1015001/products/Chokladbar-Crunchy-Caramel-28g-Nick-s/2075800" data-synthetics="bop-link" class="link__Link-sc-14ymsi2-0 dSyqLR base__ImageWrapper-sc-1mnb0pd-23 iEwlm"><img alt="Chokladbar Crunchy Caramel 28g NickÂ´s" src="./ica_market_4_files/300x300(13).jpg" title="Chokladbar Crunchy Caramel 28g NickÂ´s" class="fop__Image-sc-sgv9y1-2 daCdrp"></a></div></div><div class="flex__Flex-sc-nm253f-0 base__BodyContainer-sc-1mnb0pd-33 hCtgtf ldErvm"><div data-test="fop-body" class="base__Body-sc-1mnb0pd-34 gRNUPx"><h3 class="text__Text-sc-6l1yjp-0 iWlLMY"><a href="https://handlaprivatkund.ica.se/stores/1015001/products/Chokladbar-Crunchy-Caramel-28g-Nick-s/2075800" data-test="fop-product-link" tabindex="-1" class="link__Link-sc-14ymsi2-0 dSyqLR link__Link-sc-14ymsi2-0 base__Title-sc-1mnb0pd-27 base__FixedHeightTitle-sc-1mnb0pd-43 dSyqLR ctGnCh cCRJZx">Chokladbar Crunchy Caramel 28g NickÂ´s</a></h3><div data-test="fop-offer"><div class="base__OfferContainer-sc-1mnb0pd-39 fop__OfferContainer-sc-sgv9y1-9 gWPOHe Uumoi"></div></div><div data-test="fop-size"><div class="base__Size-sc-1mnb0pd-37 fop__SizeContainer-sc-sgv9y1-3 fwBToe fHyhGh"><span class="text__Text-sc-6l1yjp-0 base__SizeText-sc-1mnb0pd-38 fop__SizeText-sc-sgv9y1-4 bhymDA iImbUZ jrvLpU">0.028kg</span><span class="text__Text-sc-6l1yjp-0 standard-promotion__PromotionIntentText-sc-1vpsrpe-2 fop__PricePerText-sc-sgv9y1-5 dLNLFE kxmtvg eNYENy">(426,79&nbsp;kr/kg)</span></div></div><div data-test="fop-price-wrapper" class="base__PriceWrapper-sc-1mnb0pd-28 dDLLyP"><strong data-test="fop-price" class="base__Price-sc-1mnb0pd-29 sc-ksdxAp gsTqdV jgzQed">11,95&nbsp;kr</strong></div></div><div class="base__Footer-sc-1mnb0pd-35 OzclY"><div class="spacing__Spacing-sc-ngu0v9-0 jGPXUg"><span aria-live="polite" aria-relevant="text" class="text__Text-sc-6l1yjp-0 cYotRp">Du har 0 av den hÃ¤r varan i kundvagnen</span><div data-synthetics="product-id:8756b9ef-1385-45a1-bdcd-6a3e8e01fa2f" data-test="fop-counter" class="counter__Container-sc-6up7sl-0 dhaHDi counter__StyledCounter-sc-gr2i7v-0 gwtRzC"><button type="button" data-synthetics="add-button" data-test="counter-button" aria-label="LÃ¤gg till Chokladbar Crunchy Caramel 28g NickÂ´s i kundvagn" class="base-button__BaseButton-sc-1gkygj5-0 counter__Operator-sc-6up7sl-3 hdBVDE fUBxOO counter__StyledCounter-sc-gr2i7v-0 gwtRzC">LÃ¤gg till</button></div></div></div></div></div></div><div class="base__Wrapper-sc-1mnb0pd-6 base__FixedHeightWrapper-sc-1mnb0pd-41 fop__FixedHeightWrapper-sc-sgv9y1-0 gMlFiL jNtybn viewports-enabled-standard-fop__ViewportsEnabledFop-sc-zsokr2-0 eLImeH reg-price" data-visibility-id="6a15887a-8739-46e7-ac12-7a5f79df8182" data-test="fop-wrapper:6a15887a-8739-46e7-ac12-7a5f79df8182"><div class="base__BreadcrumbHeader-sc-1mnb0pd-0 iFkuNn"></div><div class="box__Box-sc-eqtis8-0 base__BoxCard-sc-1mnb0pd-5 eepUEu kPZdrA pl-classified"><div class="base__Header-sc-1mnb0pd-11 hKanCO"><div class="base__Media-sc-1mnb0pd-12 hfYvmL"><div class="base__ImageTopBar-sc-1mnb0pd-14 htbmfX"><div class="flex__Flex-sc-mmemlz-0 aQbjH"><div class="flex__Flex-sc-nm253f-0 base__ImageTopBarTopRow-sc-1mnb0pd-15 hCtgtf kWTiUu"></div></div></div><a href="https://handlaprivatkund.ica.se/stores/1015001/products/Nougat-Praline-100g-Ritter-sport/2084380" data-synthetics="bop-link" class="link__Link-sc-14ymsi2-0 dSyqLR base__ImageWrapper-sc-1mnb0pd-23 iEwlm"><img alt="Nougat Praline 100g Ritter sport" src="./ica_market_4_files/300x300(14).jpg" title="Nougat Praline 100g Ritter sport" class="fop__Image-sc-sgv9y1-2 daCdrp"></a></div></div><div class="flex__Flex-sc-nm253f-0 base__BodyContainer-sc-1mnb0pd-33 hCtgtf ldErvm"><div data-test="fop-body" class="base__Body-sc-1mnb0pd-34 gRNUPx"><h3 class="text__Text-sc-6l1yjp-0 iWlLMY"><a href="https://handlaprivatkund.ica.se/stores/1015001/products/Nougat-Praline-100g-Ritter-sport/2084380" data-test="fop-product-link" tabindex="-1" class="link__Link-sc-14ymsi2-0 dSyqLR link__Link-sc-14ymsi2-0 base__Title-sc-1mnb0pd-27 base__FixedHeightTitle-sc-1mnb0pd-43 dSyqLR ctGnCh cCRJZx">Nougat Praline 100g Ritter sport</a></h3><div data-test="fop-offer"><div class="base__OfferContainer-sc-1mnb0pd-39 fop__OfferContainer-sc-sgv9y1-9 gWPOHe Uumoi"></div></div><div data-test="fop-size"><div class="base__Size-sc-1mnb0pd-37 fop__SizeContainer-sc-sgv9y1-3 fwBToe fHyhGh"><span class="text__Text-sc-6l1yjp-0 base__SizeText-sc-1mnb0pd-38 fop__SizeText-sc-sgv9y1-4 bhymDA iImbUZ jrvLpU">0.1kg</span><span class="text__Text-sc-6l1yjp-0 standard-promotion__PromotionIntentText-sc-1vpsrpe-2 fop__PricePerText-sc-sgv9y1-5 dLNLFE kxmtvg eNYENy">(189,50&nbsp;kr/kg)</span></div></div><div data-test="fop-price-wrapper" class="base__PriceWrapper-sc-1mnb0pd-28 dDLLyP"><strong data-test="fop-price" class="base__Price-sc-1mnb0pd-29 sc-ksdxAp gsTqdV jgzQed">18,95&nbsp;kr</strong></div></div><div class="base__Footer-sc-1mnb0pd-35 OzclY"><div class="spacing__Spacing-sc-ngu0v9-0 jGPXUg"><span aria-live="polite" aria-relevant="text" class="text__Text-sc-6l1yjp-0 cYotRp">Du har 0 av den hÃ¤r varan i kundvagnen</span><div data-synthetics="product-id:6a15887a-8739-46e7-ac12-7a5f79df8182" data-test="fop-counter" class="counter__Container-sc-6up7sl-0 dhaHDi counter__StyledCounter-sc-gr2i7v-0 gwtRzC"><button type="button" data-synthetics="add-button" data-test="counter-button" aria-label="LÃ¤gg till Nougat Praline 100g Ritter sport i kundvagn" class="base-button__BaseButton-sc-1gkygj5-0 counter__Operator-sc-6up7sl-3 hdBVDE fUBxOO counter__StyledCounter-sc-gr2i7v-0 gwtRzC">LÃ¤gg till</button></div></div></div></div></div></div><div class="base__Wrapper-sc-1mnb0pd-6 base__FixedHeightWrapper-sc-1mnb0pd-41 fop__FixedHeightWrapper-sc-sgv9y1-0 gMlFiL jNtybn viewports-enabled-standard-fop__ViewportsEnabledFop-sc-zsokr2-0 eLImeH reg-price" data-visibility-id="7c41f82d-9db4-4f1a-b1ae-74c374b1a69b" data-test="fop-wrapper:7c41f82d-9db4-4f1a-b1ae-74c374b1a69b"><div class="base__BreadcrumbHeader-sc-1mnb0pd-0 iFkuNn"></div><div class="box__Box-sc-eqtis8-0 base__BoxCard-sc-1mnb0pd-5 eepUEu kPZdrA pl-classified"><div class="base__Header-sc-1mnb0pd-11 hKanCO"><div class="base__Media-sc-1mnb0pd-12 hfYvmL"><div class="base__ImageTopBar-sc-1mnb0pd-14 htbmfX"><div class="flex__Flex-sc-mmemlz-0 aQbjH"><div class="flex__Flex-sc-nm253f-0 base__ImageTopBarTopRow-sc-1mnb0pd-15 hCtgtf kWTiUu"></div></div></div><a href="https://handlaprivatkund.ica.se/stores/1015001/products/Twix-3-p-150g/1448524" data-synthetics="bop-link" class="link__Link-sc-14ymsi2-0 dSyqLR base__ImageWrapper-sc-1mnb0pd-23 iEwlm"><img alt="Twix 3-p 150g" src="./ica_market_4_files/300x300(15).jpg" title="Twix 3-p 150g" class="fop__Image-sc-sgv9y1-2 daCdrp"></a></div></div><div class="flex__Flex-sc-nm253f-0 base__BodyContainer-sc-1mnb0pd-33 hCtgtf ldErvm"><div data-test="fop-body" class="base__Body-sc-1mnb0pd-34 gRNUPx"><h3 class="text__Text-sc-6l1yjp-0 iWlLMY"><a href="https://handlaprivatkund.ica.se/stores/1015001/products/Twix-3-p-150g/1448524" data-test="fop-product-link" tabindex="-1" class="link__Link-sc-14ymsi2-0 dSyqLR link__Link-sc-14ymsi2-0 base__Title-sc-1mnb0pd-27 base__FixedHeightTitle-sc-1mnb0pd-43 dSyqLR ctGnCh cCRJZx">Twix 3-p 150g</a></h3><div data-test="fop-offer"><div class="base__OfferContainer-sc-1mnb0pd-39 fop__OfferContainer-sc-sgv9y1-9 gWPOHe Uumoi"></div></div><div data-test="fop-size"><div class="base__Size-sc-1mnb0pd-37 fop__SizeContainer-sc-sgv9y1-3 fwBToe fHyhGh"><span class="text__Text-sc-6l1yjp-0 base__SizeText-sc-1mnb0pd-38 fop__SizeText-sc-sgv9y1-4 bhymDA iImbUZ jrvLpU">0.15kg</span><span class="text__Text-sc-6l1yjp-0 standard-promotion__PromotionIntentText-sc-1vpsrpe-2 fop__PricePerText-sc-sgv9y1-5 dLNLFE kxmtvg eNYENy">(159,67&nbsp;kr/kg)</span></div></div><div data-test="fop-price-wrapper" class="base__PriceWrapper-sc-1mnb0pd-28 dDLLyP"><strong data-test="fop-price" class="base__Price-sc-1mnb0pd-29 sc-ksdxAp gsTqdV jgzQed">23,95&nbsp;kr</strong></div></div><div class="base__Footer-sc-1mnb0pd-35 OzclY"><div class="spacing__Spacing-sc-ngu0v9-0 jGPXUg"><span aria-live="polite" aria-relevant="text" class="text__Text-sc-6l1yjp-0 cYotRp">Du har 0 av den hÃ¤r varan i kundvagnen</span><div data-synthetics="product-id:7c41f82d-9db4-4f1a-b1ae-74c374b1a69b" data-test="fop-counter" class="counter__Container-sc-6up7sl-0 dhaHDi counter__StyledCounter-sc-gr2i7v-0 gwtRzC"><button type="button" data-synthetics="add-button" data-test="counter-button" aria-label="LÃ¤gg till Twix 3-p 150g i kundvagn" class="base-button__BaseButton-sc-1gkygj5-0 counter__Operator-sc-6up7sl-3 hdBVDE fUBxOO counter__StyledCounter-sc-gr2i7v-0 gwtRzC">LÃ¤gg till</button></div></div></div></div></div></div><div class="base__Wrapper-sc-1mnb0pd-6 base__FixedHeightWrapper-sc-1mnb0pd-41 fop__FixedHeightWrapper-sc-sgv9y1-0 gMlFiL jNtybn viewports-enabled-standard-fop__ViewportsEnabledFop-sc-zsokr2-0 eLImeH reg-price" data-visibility-id="0989ed32-39ff-42bf-8c07-19fe59dc29f2" data-test="fop-wrapper:0989ed32-39ff-42bf-8c07-19fe59dc29f2"><div class="base__BreadcrumbHeader-sc-1mnb0pd-0 iFkuNn"></div><div class="box__Box-sc-eqtis8-0 base__BoxCard-sc-1mnb0pd-5 eepUEu kPZdrA pl-classified"><div class="base__Header-sc-1mnb0pd-11 hKanCO"><div class="base__Media-sc-1mnb0pd-12 hfYvmL"><div class="base__ImageTopBar-sc-1mnb0pd-14 htbmfX"><div class="flex__Flex-sc-mmemlz-0 aQbjH"><div class="flex__Flex-sc-nm253f-0 base__ImageTopBarTopRow-sc-1mnb0pd-15 hCtgtf kWTiUu"></div></div></div><a href="https://handlaprivatkund.ica.se/stores/1015001/products/Chokladpralin-M%C3%B6rk-Choklad-60-137g-Lindt/1448890" data-synthetics="bop-link" class="link__Link-sc-14ymsi2-0 dSyqLR base__ImageWrapper-sc-1mnb0pd-23 iEwlm"><img alt="Chokladpralin MÃ¶rk Choklad 60% 137g Lindt" src="./ica_market_4_files/300x300(16).jpg" title="Chokladpralin MÃ¶rk Choklad 60% 137g Lindt" class="fop__Image-sc-sgv9y1-2 daCdrp"></a></div></div><div class="flex__Flex-sc-nm253f-0 base__BodyContainer-sc-1mnb0pd-33 hCtgtf ldErvm"><div data-test="fop-body" class="base__Body-sc-1mnb0pd-34 gRNUPx"><h3 class="text__Text-sc-6l1yjp-0 iWlLMY"><a href="https://handlaprivatkund.ica.se/stores/1015001/products/Chokladpralin-M%C3%B6rk-Choklad-60-137g-Lindt/1448890" data-test="fop-product-link" tabindex="-1" class="link__Link-sc-14ymsi2-0 dSyqLR link__Link-sc-14ymsi2-0 base__Title-sc-1mnb0pd-27 base__FixedHeightTitle-sc-1mnb0pd-43 dSyqLR ctGnCh cCRJZx">Chokladpralin MÃ¶rk Choklad 60% 137g Lindt</a></h3><div data-test="fop-offer"><div class="base__OfferContainer-sc-1mnb0pd-39 fop__OfferContainer-sc-sgv9y1-9 gWPOHe Uumoi"></div></div><div data-test="fop-size"><div class="base__Size-sc-1mnb0pd-37 fop__SizeContainer-sc-sgv9y1-3 fwBToe fHyhGh"><span class="text__Text-sc-6l1yjp-0 base__SizeText-sc-1mnb0pd-38 fop__SizeText-sc-sgv9y1-4 bhymDA iImbUZ jrvLpU">0.137kg</span><span class="text__Text-sc-6l1yjp-0 standard-promotion__PromotionIntentText-sc-1vpsrpe-2 fop__PricePerText-sc-sgv9y1-5 dLNLFE kxmtvg eNYENy">(320,80&nbsp;kr/kg)</span></div></div><div data-test="fop-price-wrapper" class="base__PriceWrapper-sc-1mnb0pd-28 dDLLyP"><strong data-test="fop-price" class="base__Price-sc-1mnb0pd-29 sc-ksdxAp gsTqdV jgzQed">43,95&nbsp;kr</strong></div></div><div class="base__Footer-sc-1mnb0pd-35 OzclY"><div class="spacing__Spacing-sc-ngu0v9-0 jGPXUg"><span aria-live="polite" aria-relevant="text" class="text__Text-sc-6l1yjp-0 cYotRp">Du har 0 av den hÃ¤r varan i kundvagnen</span><div data-synthetics="product-id:0989ed32-39ff-42bf-8c07-19fe59dc29f2" data-test="fop-counter" class="counter__Container-sc-6up7sl-0 dhaHDi counter__StyledCounter-sc-gr2i7v-0 gwtRzC"><button type="button" data-synthetics="add-button" data-test="counter-button" aria-label="LÃ¤gg till Chokladpralin MÃ¶rk Choklad 60% 137g Lindt i kundvagn" class="base-button__BaseButton-sc-1gkygj5-0 counter__Operator-sc-6up7sl-3 hdBVDE fUBxOO counter__StyledCounter-sc-gr2i7v-0 gwtRzC">LÃ¤gg till</button></div></div></div></div></div></div><div class="base__Wrapper-sc-1mnb0pd-6 base__FixedHeightWrapper-sc-1mnb0pd-41 fop__FixedHeightWrapper-sc-sgv9y1-0 gMlFiL jNtybn viewports-enabled-standard-fop__ViewportsEnabledFop-sc-zsokr2-0 eLImeH reg-price" data-visibility-id="05742d27-3b8a-473e-b1ca-ebf3eedb958d" data-test="fop-wrapper:05742d27-3b8a-473e-b1ca-ebf3eedb958d"><div class="base__BreadcrumbHeader-sc-1mnb0pd-0 iFkuNn"></div><div class="box__Box-sc-eqtis8-0 base__BoxCard-sc-1mnb0pd-5 eepUEu kPZdrA pl-classified"><div class="base__Header-sc-1mnb0pd-11 hKanCO"><div class="base__Media-sc-1mnb0pd-12 hfYvmL"><div class="base__ImageTopBar-sc-1mnb0pd-14 htbmfX"><div class="flex__Flex-sc-mmemlz-0 aQbjH"><div class="flex__Flex-sc-nm253f-0 base__ImageTopBarTopRow-sc-1mnb0pd-15 hCtgtf kWTiUu"></div></div></div><a href="https://handlaprivatkund.ica.se/stores/1015001/products/Chokladrulle-Schweizern%C3%B6t-67g-Marabou/1005066" data-synthetics="bop-link" class="link__Link-sc-14ymsi2-0 dSyqLR base__ImageWrapper-sc-1mnb0pd-23 iEwlm"><img alt="Chokladrulle SchweizernÃ¶t 67g Marabou" src="./ica_market_4_files/300x300(17).jpg" title="Chokladrulle SchweizernÃ¶t 67g Marabou" class="fop__Image-sc-sgv9y1-2 daCdrp"></a></div></div><div class="flex__Flex-sc-nm253f-0 base__BodyContainer-sc-1mnb0pd-33 hCtgtf ldErvm"><div data-test="fop-body" class="base__Body-sc-1mnb0pd-34 gRNUPx"><h3 class="text__Text-sc-6l1yjp-0 iWlLMY"><a href="https://handlaprivatkund.ica.se/stores/1015001/products/Chokladrulle-Schweizern%C3%B6t-67g-Marabou/1005066" data-test="fop-product-link" tabindex="-1" class="link__Link-sc-14ymsi2-0 dSyqLR link__Link-sc-14ymsi2-0 base__Title-sc-1mnb0pd-27 base__FixedHeightTitle-sc-1mnb0pd-43 dSyqLR ctGnCh cCRJZx">Chokladrulle SchweizernÃ¶t 67g Marabou</a></h3><div data-test="fop-offer"><div class="base__OfferContainer-sc-1mnb0pd-39 fop__OfferContainer-sc-sgv9y1-9 gWPOHe Uumoi"></div></div><div data-test="fop-size"><div class="base__Size-sc-1mnb0pd-37 fop__SizeContainer-sc-sgv9y1-3 fwBToe fHyhGh"><span class="text__Text-sc-6l1yjp-0 base__SizeText-sc-1mnb0pd-38 fop__SizeText-sc-sgv9y1-4 bhymDA iImbUZ jrvLpU">0.067kg</span><span class="text__Text-sc-6l1yjp-0 standard-promotion__PromotionIntentText-sc-1vpsrpe-2 fop__PricePerText-sc-sgv9y1-5 dLNLFE kxmtvg eNYENy">(223,13&nbsp;kr/kg)</span></div></div><div data-test="fop-price-wrapper" class="base__PriceWrapper-sc-1mnb0pd-28 dDLLyP"><strong data-test="fop-price" class="base__Price-sc-1mnb0pd-29 sc-ksdxAp gsTqdV jgzQed">14,95&nbsp;kr</strong></div></div><div class="base__Footer-sc-1mnb0pd-35 OzclY"><div class="spacing__Spacing-sc-ngu0v9-0 jGPXUg"><span aria-live="polite" aria-relevant="text" class="text__Text-sc-6l1yjp-0 cYotRp">Du har 0 av den hÃ¤r varan i kundvagnen</span><div data-synthetics="product-id:05742d27-3b8a-473e-b1ca-ebf3eedb958d" data-test="fop-counter" class="counter__Container-sc-6up7sl-0 dhaHDi counter__StyledCounter-sc-gr2i7v-0 gwtRzC"><button type="button" data-synthetics="add-button" data-test="counter-button" aria-label="LÃ¤gg till Chokladrulle SchweizernÃ¶t 67g Marabou i kundvagn" class="base-button__BaseButton-sc-1gkygj5-0 counter__Operator-sc-6up7sl-3 hdBVDE fUBxOO counter__StyledCounter-sc-gr2i7v-0 gwtRzC">LÃ¤gg till</button></div></div></div></div></div></div><div class="base__Wrapper-sc-1mnb0pd-6 base__FixedHeightWrapper-sc-1mnb0pd-41 fop__FixedHeightWrapper-sc-sgv9y1-0 gMlFiL jNtybn viewports-enabled-standard-fop__ViewportsEnabledFop-sc-zsokr2-0 eLImeH reg-price" data-visibility-id="dbad03b5-bf36-4ebf-b88a-47a207f675b0" data-test="fop-wrapper:dbad03b5-bf36-4ebf-b88a-47a207f675b0"><div class="base__BreadcrumbHeader-sc-1mnb0pd-0 iFkuNn"></div><div class="box__Box-sc-eqtis8-0 base__BoxCard-sc-1mnb0pd-5 eepUEu kPZdrA pl-classified"><div class="base__Header-sc-1mnb0pd-11 hKanCO"><div class="base__Media-sc-1mnb0pd-12 hfYvmL"><div class="base__ImageTopBar-sc-1mnb0pd-14 htbmfX"><div class="flex__Flex-sc-mmemlz-0 aQbjH"><div class="flex__Flex-sc-nm253f-0 base__ImageTopBarTopRow-sc-1mnb0pd-15 hCtgtf kWTiUu"></div></div></div><a href="https://handlaprivatkund.ica.se/stores/1015001/products/Snickers-Creamy-Peanut-54-75g/2084373" data-synthetics="bop-link" class="link__Link-sc-14ymsi2-0 dSyqLR base__ImageWrapper-sc-1mnb0pd-23 iEwlm"><img alt="Snickers Creamy Peanut 54.75g" src="./ica_market_4_files/300x300(18).jpg" title="Snickers Creamy Peanut 54.75g" class="fop__Image-sc-sgv9y1-2 daCdrp"></a></div></div><div class="flex__Flex-sc-nm253f-0 base__BodyContainer-sc-1mnb0pd-33 hCtgtf ldErvm"><div data-test="fop-body" class="base__Body-sc-1mnb0pd-34 gRNUPx"><h3 class="text__Text-sc-6l1yjp-0 iWlLMY"><a href="https://handlaprivatkund.ica.se/stores/1015001/products/Snickers-Creamy-Peanut-54-75g/2084373" data-test="fop-product-link" tabindex="-1" class="link__Link-sc-14ymsi2-0 dSyqLR link__Link-sc-14ymsi2-0 base__Title-sc-1mnb0pd-27 base__FixedHeightTitle-sc-1mnb0pd-43 dSyqLR ctGnCh cCRJZx">Snickers Creamy Peanut 54.75g</a></h3><div data-test="fop-offer"><div class="base__OfferContainer-sc-1mnb0pd-39 fop__OfferContainer-sc-sgv9y1-9 gWPOHe Uumoi"></div></div><div data-test="fop-size"><div class="base__Size-sc-1mnb0pd-37 fop__SizeContainer-sc-sgv9y1-3 fwBToe fHyhGh"><span class="text__Text-sc-6l1yjp-0 base__SizeText-sc-1mnb0pd-38 fop__SizeText-sc-sgv9y1-4 bhymDA iImbUZ jrvLpU">0.0548kg</span><span class="text__Text-sc-6l1yjp-0 standard-promotion__PromotionIntentText-sc-1vpsrpe-2 fop__PricePerText-sc-sgv9y1-5 dLNLFE kxmtvg eNYENy">(218,07&nbsp;kr/kg)</span></div></div><div data-test="fop-price-wrapper" class="base__PriceWrapper-sc-1mnb0pd-28 dDLLyP"><strong data-test="fop-price" class="base__Price-sc-1mnb0pd-29 sc-ksdxAp gsTqdV jgzQed">11,95&nbsp;kr</strong></div></div><div class="base__Footer-sc-1mnb0pd-35 OzclY"><div class="spacing__Spacing-sc-ngu0v9-0 jGPXUg"><span aria-live="polite" aria-relevant="text" class="text__Text-sc-6l1yjp-0 cYotRp">Du har 0 av den hÃ¤r varan i kundvagnen</span><div data-synthetics="product-id:dbad03b5-bf36-4ebf-b88a-47a207f675b0" data-test="fop-counter" class="counter__Container-sc-6up7sl-0 dhaHDi counter__StyledCounter-sc-gr2i7v-0 gwtRzC"><button type="button" data-synthetics="add-button" data-test="counter-button" aria-label="LÃ¤gg till Snickers Creamy Peanut 54.75g i kundvagn" class="base-button__BaseButton-sc-1gkygj5-0 counter__Operator-sc-6up7sl-3 hdBVDE fUBxOO counter__StyledCounter-sc-gr2i7v-0 gwtRzC">LÃ¤gg till</button></div></div></div></div></div></div><div class="base__Wrapper-sc-1mnb0pd-6 base__FixedHeightWrapper-sc-1mnb0pd-41 fop__FixedHeightWrapper-sc-sgv9y1-0 gMlFiL jNtybn viewports-enabled-standard-fop__ViewportsEnabledFop-sc-zsokr2-0 eLImeH reg-price" data-visibility-id="f907981f-78a8-4183-9547-6031a9e5bc7b" data-test="fop-wrapper:f907981f-78a8-4183-9547-6031a9e5bc7b"><div class="base__BreadcrumbHeader-sc-1mnb0pd-0 iFkuNn"></div><div class="box__Box-sc-eqtis8-0 base__BoxCard-sc-1mnb0pd-5 eepUEu kPZdrA pl-classified"><div class="base__Header-sc-1mnb0pd-11 hKanCO"><div class="base__Media-sc-1mnb0pd-12 hfYvmL"><div class="base__ImageTopBar-sc-1mnb0pd-14 htbmfX"><div class="flex__Flex-sc-mmemlz-0 aQbjH"><div class="flex__Flex-sc-nm253f-0 base__ImageTopBarTopRow-sc-1mnb0pd-15 hCtgtf kWTiUu"></div></div></div><div class="base__ImageBottomBar-sc-1mnb0pd-22 fnUTQB"><div class="base__ProductAttributes-sc-1mnb0pd-25 bKorYI"><span title="Glutenfritt" data-test="lifestyle-icon__glutenfri" class="product-attribute-icon__ProductAttributeIconSvg-sc-40nmqh-0 base__ProductAttribute-sc-1mnb0pd-26 fVwPNQ"><svg><use href="#svg-glutenfri"></use></svg></span><span title="Laktosfritt" data-test="lifestyle-icon__laktosfri" class="product-attribute-icon__ProductAttributeIconSvg-sc-40nmqh-0 base__ProductAttribute-sc-1mnb0pd-26 fVwPNQ"><svg><use href="#svg-laktosfri"></use></svg></span></div></div><a href="https://handlaprivatkund.ica.se/stores/1015001/products/Winernougat-210g-Fazer/1129948" data-synthetics="bop-link" class="link__Link-sc-14ymsi2-0 dSyqLR base__ImageWrapper-sc-1mnb0pd-23 iEwlm"><img alt="Winernougat 210g Fazer Glutenfritt, Laktosfritt" src="./ica_market_4_files/300x300(19).jpg" title="Winernougat 210g Fazer" class="fop__Image-sc-sgv9y1-2 daCdrp"></a></div></div><div class="flex__Flex-sc-nm253f-0 base__BodyContainer-sc-1mnb0pd-33 hCtgtf ldErvm"><div data-test="fop-body" class="base__Body-sc-1mnb0pd-34 gRNUPx"><h3 class="text__Text-sc-6l1yjp-0 iWlLMY"><a href="https://handlaprivatkund.ica.se/stores/1015001/products/Winernougat-210g-Fazer/1129948" data-test="fop-product-link" tabindex="-1" class="link__Link-sc-14ymsi2-0 dSyqLR link__Link-sc-14ymsi2-0 base__Title-sc-1mnb0pd-27 base__FixedHeightTitle-sc-1mnb0pd-43 dSyqLR ctGnCh cCRJZx">Winernougat 210g Fazer</a></h3><div data-test="fop-offer"><div class="base__OfferContainer-sc-1mnb0pd-39 fop__OfferContainer-sc-sgv9y1-9 gWPOHe Uumoi"></div></div><div data-test="fop-size"><div class="base__Size-sc-1mnb0pd-37 fop__SizeContainer-sc-sgv9y1-3 fwBToe fHyhGh"><span class="text__Text-sc-6l1yjp-0 base__SizeText-sc-1mnb0pd-38 fop__SizeText-sc-sgv9y1-4 bhymDA iImbUZ jrvLpU">0.21kg</span><span class="text__Text-sc-6l1yjp-0 standard-promotion__PromotionIntentText-sc-1vpsrpe-2 fop__PricePerText-sc-sgv9y1-5 dLNLFE kxmtvg eNYENy">(290,24&nbsp;kr/kg)</span></div></div><div data-test="fop-price-wrapper" class="base__PriceWrapper-sc-1mnb0pd-28 dDLLyP"><strong data-test="fop-price" class="base__Price-sc-1mnb0pd-29 sc-ksdxAp gsTqdV jgzQed">60,95&nbsp;kr</strong></div></div><div class="base__Footer-sc-1mnb0pd-35 OzclY"><div class="spacing__Spacing-sc-ngu0v9-0 jGPXUg"><span aria-live="polite" aria-relevant="text" class="text__Text-sc-6l1yjp-0 cYotRp">Du har 0 av den hÃ¤r varan i kundvagnen</span><div data-synthetics="product-id:f907981f-78a8-4183-9547-6031a9e5bc7b" data-test="fop-counter" class="counter__Container-sc-6up7sl-0 dhaHDi counter__StyledCounter-sc-gr2i7v-0 gwtRzC"><button type="button" data-synthetics="add-button" data-test="counter-button" aria-label="LÃ¤gg till Winernougat 210g Fazer i kundvagn" class="base-button__BaseButton-sc-1gkygj5-0 counter__Operator-sc-6up7sl-3 hdBVDE fUBxOO counter__StyledCounter-sc-gr2i7v-0 gwtRzC">LÃ¤gg till</button></div></div></div></div></div></div><div class="base__Wrapper-sc-1mnb0pd-6 base__FixedHeightWrapper-sc-1mnb0pd-41 fop__FixedHeightWrapper-sc-sgv9y1-0 gMlFiL jNtybn viewports-enabled-standard-fop__ViewportsEnabledFop-sc-zsokr2-0 eLImeH reg-price" data-visibility-id="35b4034c-c1d8-4b0e-a183-b32dace02dbb" data-test="fop-wrapper:35b4034c-c1d8-4b0e-a183-b32dace02dbb"><div class="base__BreadcrumbHeader-sc-1mnb0pd-0 iFkuNn"></div><div class="box__Box-sc-eqtis8-0 base__BoxCard-sc-1mnb0pd-5 eepUEu kPZdrA pl-classified"><div class="base__Header-sc-1mnb0pd-11 hKanCO"><div class="base__Media-sc-1mnb0pd-12 hfYvmL"><div class="base__ImageTopBar-sc-1mnb0pd-14 htbmfX"><div class="flex__Flex-sc-mmemlz-0 aQbjH"><div class="flex__Flex-sc-nm253f-0 base__ImageTopBarTopRow-sc-1mnb0pd-15 hCtgtf kWTiUu"></div></div></div><div class="base__ImageBottomBar-sc-1mnb0pd-22 fnUTQB"><div class="base__ProductAttributes-sc-1mnb0pd-25 bKorYI"><span title="Rainforest Alliance certifierad" data-test="lifestyle-icon__rainforest-alliance" class="product-attribute-icon__ProductAttributeIconSvg-sc-40nmqh-0 base__ProductAttribute-sc-1mnb0pd-26 fVwPNQ"><svg><use href="#svg-rainforest-alliance"></use></svg></span></div></div><a href="https://handlaprivatkund.ica.se/stores/1015001/products/Romerska-b%C3%A5gar-Ljusa-200g-Cloetta/1002039" data-synthetics="bop-link" class="link__Link-sc-14ymsi2-0 dSyqLR base__ImageWrapper-sc-1mnb0pd-23 iEwlm"><img alt="Romerska bÃ¥gar Ljusa 200g Cloetta Rainforest Alliance certifierad" src="./ica_market_4_files/300x300(20).jpg" title="Romerska bÃ¥gar Ljusa 200g Cloetta" class="fop__Image-sc-sgv9y1-2 daCdrp"></a></div></div><div class="flex__Flex-sc-nm253f-0 base__BodyContainer-sc-1mnb0pd-33 hCtgtf ldErvm"><div data-test="fop-body" class="base__Body-sc-1mnb0pd-34 gRNUPx"><h3 class="text__Text-sc-6l1yjp-0 iWlLMY"><a href="https://handlaprivatkund.ica.se/stores/1015001/products/Romerska-b%C3%A5gar-Ljusa-200g-Cloetta/1002039" data-test="fop-product-link" tabindex="-1" class="link__Link-sc-14ymsi2-0 dSyqLR link__Link-sc-14ymsi2-0 base__Title-sc-1mnb0pd-27 base__FixedHeightTitle-sc-1mnb0pd-43 dSyqLR ctGnCh cCRJZx">Romerska bÃ¥gar Ljusa 200g Cloetta</a></h3><div data-test="fop-offer"><div class="base__OfferContainer-sc-1mnb0pd-39 fop__OfferContainer-sc-sgv9y1-9 gWPOHe Uumoi"></div></div><div data-test="fop-size"><div class="base__Size-sc-1mnb0pd-37 fop__SizeContainer-sc-sgv9y1-3 fwBToe fHyhGh"><span class="text__Text-sc-6l1yjp-0 base__SizeText-sc-1mnb0pd-38 fop__SizeText-sc-sgv9y1-4 bhymDA iImbUZ jrvLpU">0.2kg</span><span class="text__Text-sc-6l1yjp-0 standard-promotion__PromotionIntentText-sc-1vpsrpe-2 fop__PricePerText-sc-sgv9y1-5 dLNLFE kxmtvg eNYENy">(219,75&nbsp;kr/kg)</span></div></div><div data-test="fop-price-wrapper" class="base__PriceWrapper-sc-1mnb0pd-28 dDLLyP"><strong data-test="fop-price" class="base__Price-sc-1mnb0pd-29 sc-ksdxAp gsTqdV jgzQed">43,95&nbsp;kr</strong></div></div><div class="base__Footer-sc-1mnb0pd-35 OzclY"><div class="spacing__Spacing-sc-ngu0v9-0 jGPXUg"><span aria-live="polite" aria-relevant="text" class="text__Text-sc-6l1yjp-0 cYotRp">Du har 0 av den hÃ¤r varan i kundvagnen</span><div data-synthetics="product-id:35b4034c-c1d8-4b0e-a183-b32dace02dbb" data-test="fop-counter" class="counter__Container-sc-6up7sl-0 dhaHDi counter__StyledCounter-sc-gr2i7v-0 gwtRzC"><button type="button" data-synthetics="add-button" data-test="counter-button" aria-label="LÃ¤gg till Romerska bÃ¥gar Ljusa 200g Cloetta i kundvagn" class="base-button__BaseButton-sc-1gkygj5-0 counter__Operator-sc-6up7sl-3 hdBVDE fUBxOO counter__StyledCounter-sc-gr2i7v-0 gwtRzC">LÃ¤gg till</button></div></div></div></div></div></div><div class="base__Wrapper-sc-1mnb0pd-6 base__FixedHeightWrapper-sc-1mnb0pd-41 fop__FixedHeightWrapper-sc-sgv9y1-0 gMlFiL jNtybn viewports-enabled-standard-fop__ViewportsEnabledFop-sc-zsokr2-0 eLImeH reg-price" data-visibility-id="f673f40b-d27b-4e1b-a362-1a9c5694d0a2" data-test="fop-wrapper:f673f40b-d27b-4e1b-a362-1a9c5694d0a2"><div class="base__BreadcrumbHeader-sc-1mnb0pd-0 iFkuNn"></div><div class="box__Box-sc-eqtis8-0 base__BoxCard-sc-1mnb0pd-5 eepUEu kPZdrA pl-classified"><div class="base__Header-sc-1mnb0pd-11 hKanCO"><div class="base__Media-sc-1mnb0pd-12 hfYvmL"><div class="base__ImageTopBar-sc-1mnb0pd-14 htbmfX"><div class="flex__Flex-sc-mmemlz-0 aQbjH"><div class="flex__Flex-sc-nm253f-0 base__ImageTopBarTopRow-sc-1mnb0pd-15 hCtgtf kWTiUu"></div></div></div><a href="https://handlaprivatkund.ica.se/stores/1015001/products/Xtra-75g-Twix/1448521" data-synthetics="bop-link" class="link__Link-sc-14ymsi2-0 dSyqLR base__ImageWrapper-sc-1mnb0pd-23 iEwlm"><img alt="Xtra 75g Twix" src="./ica_market_4_files/300x300(21).jpg" title="Xtra 75g Twix" class="fop__Image-sc-sgv9y1-2 daCdrp"></a></div></div><div class="flex__Flex-sc-nm253f-0 base__BodyContainer-sc-1mnb0pd-33 hCtgtf ldErvm"><div data-test="fop-body" class="base__Body-sc-1mnb0pd-34 gRNUPx"><h3 class="text__Text-sc-6l1yjp-0 iWlLMY"><a href="https://handlaprivatkund.ica.se/stores/1015001/products/Xtra-75g-Twix/1448521" data-test="fop-product-link" tabindex="-1" class="link__Link-sc-14ymsi2-0 dSyqLR link__Link-sc-14ymsi2-0 base__Title-sc-1mnb0pd-27 base__FixedHeightTitle-sc-1mnb0pd-43 dSyqLR ctGnCh cCRJZx">Xtra 75g Twix</a></h3><div data-test="fop-offer"><div class="base__OfferContainer-sc-1mnb0pd-39 fop__OfferContainer-sc-sgv9y1-9 gWPOHe Uumoi"></div></div><div data-test="fop-size"><div class="base__Size-sc-1mnb0pd-37 fop__SizeContainer-sc-sgv9y1-3 fwBToe fHyhGh"><span class="text__Text-sc-6l1yjp-0 base__SizeText-sc-1mnb0pd-38 fop__SizeText-sc-sgv9y1-4 bhymDA iImbUZ jrvLpU">0.075kg</span><span class="text__Text-sc-6l1yjp-0 standard-promotion__PromotionIntentText-sc-1vpsrpe-2 fop__PricePerText-sc-sgv9y1-5 dLNLFE kxmtvg eNYENy">(159,33&nbsp;kr/kg)</span></div></div><div data-test="fop-price-wrapper" class="base__PriceWrapper-sc-1mnb0pd-28 dDLLyP"><strong data-test="fop-price" class="base__Price-sc-1mnb0pd-29 sc-ksdxAp gsTqdV jgzQed">11,95&nbsp;kr</strong></div></div><div class="base__Footer-sc-1mnb0pd-35 OzclY"><div class="spacing__Spacing-sc-ngu0v9-0 jGPXUg"><span aria-live="polite" aria-relevant="text" class="text__Text-sc-6l1yjp-0 cYotRp">Du har 0 av den hÃ¤r varan i kundvagnen</span><div data-synthetics="product-id:f673f40b-d27b-4e1b-a362-1a9c5694d0a2" data-test="fop-counter" class="counter__Container-sc-6up7sl-0 dhaHDi counter__StyledCounter-sc-gr2i7v-0 gwtRzC"><button type="button" data-synthetics="add-button" data-test="counter-button" aria-label="LÃ¤gg till Xtra 75g Twix i kundvagn" class="base-button__BaseButton-sc-1gkygj5-0 counter__Operator-sc-6up7sl-3 hdBVDE fUBxOO counter__StyledCounter-sc-gr2i7v-0 gwtRzC">LÃ¤gg till</button></div></div></div></div></div></div><div class="base__Wrapper-sc-1mnb0pd-6 base__FixedHeightWrapper-sc-1mnb0pd-41 fop__FixedHeightWrapper-sc-sgv9y1-0 gMlFiL jNtybn viewports-enabled-standard-fop__ViewportsEnabledFop-sc-zsokr2-0 eLImeH reg-price" data-visibility-id="8ce074e7-004f-4d0e-a0cb-cf240431cf22" data-test="fop-wrapper:8ce074e7-004f-4d0e-a0cb-cf240431cf22"><div class="base__BreadcrumbHeader-sc-1mnb0pd-0 iFkuNn"></div><div class="box__Box-sc-eqtis8-0 base__BoxCard-sc-1mnb0pd-5 eepUEu kPZdrA pl-classified"><div class="base__Header-sc-1mnb0pd-11 hKanCO"><div class="base__Media-sc-1mnb0pd-12 hfYvmL"><div class="base__ImageTopBar-sc-1mnb0pd-14 htbmfX"><div class="flex__Flex-sc-mmemlz-0 aQbjH"><div class="flex__Flex-sc-nm253f-0 base__ImageTopBarTopRow-sc-1mnb0pd-15 hCtgtf kWTiUu"></div></div></div><a href="https://handlaprivatkund.ica.se/stores/1015001/products/Chokladpralin-White-15-p-Toffifee/2100077" data-synthetics="bop-link" class="link__Link-sc-14ymsi2-0 dSyqLR base__ImageWrapper-sc-1mnb0pd-23 iEwlm"><img alt="Chokladpralin White 15-p Toffifee" src="./ica_market_4_files/300x300(22).jpg" title="Chokladpralin White 15-p Toffifee" class="fop__Image-sc-sgv9y1-2 daCdrp"></a></div></div><div class="flex__Flex-sc-nm253f-0 base__BodyContainer-sc-1mnb0pd-33 hCtgtf ldErvm"><div data-test="fop-body" class="base__Body-sc-1mnb0pd-34 gRNUPx"><h3 class="text__Text-sc-6l1yjp-0 iWlLMY"><a href="https://handlaprivatkund.ica.se/stores/1015001/products/Chokladpralin-White-15-p-Toffifee/2100077" data-test="fop-product-link" tabindex="-1" class="link__Link-sc-14ymsi2-0 dSyqLR link__Link-sc-14ymsi2-0 base__Title-sc-1mnb0pd-27 base__FixedHeightTitle-sc-1mnb0pd-43 dSyqLR ctGnCh cCRJZx">Chokladpralin White 15-p Toffifee</a></h3><div data-test="fop-offer"><div class="base__OfferContainer-sc-1mnb0pd-39 fop__OfferContainer-sc-sgv9y1-9 gWPOHe Uumoi"></div></div><div data-test="fop-size"><div class="base__Size-sc-1mnb0pd-37 fop__SizeContainer-sc-sgv9y1-3 fwBToe fHyhGh"><span class="text__Text-sc-6l1yjp-0 base__SizeText-sc-1mnb0pd-38 fop__SizeText-sc-sgv9y1-4 bhymDA iImbUZ jrvLpU">0.125kg</span><span class="text__Text-sc-6l1yjp-0 standard-promotion__PromotionIntentText-sc-1vpsrpe-2 fop__PricePerText-sc-sgv9y1-5 dLNLFE kxmtvg eNYENy">(183,60&nbsp;kr/kg)</span></div></div><div data-test="fop-price-wrapper" class="base__PriceWrapper-sc-1mnb0pd-28 dDLLyP"><strong data-test="fop-price" class="base__Price-sc-1mnb0pd-29 sc-ksdxAp gsTqdV jgzQed">22,95&nbsp;kr</strong></div></div><div class="base__Footer-sc-1mnb0pd-35 OzclY"><div class="spacing__Spacing-sc-ngu0v9-0 jGPXUg"><span aria-live="polite" aria-relevant="text" class="text__Text-sc-6l1yjp-0 cYotRp">Du har 0 av den hÃ¤r varan i kundvagnen</span><div data-synthetics="product-id:8ce074e7-004f-4d0e-a0cb-cf240431cf22" data-test="fop-counter" class="counter__Container-sc-6up7sl-0 dhaHDi counter__StyledCounter-sc-gr2i7v-0 gwtRzC"><button type="button" data-synthetics="add-button" data-test="counter-button" aria-label="LÃ¤gg till Chokladpralin White 15-p Toffifee i kundvagn" class="base-button__BaseButton-sc-1gkygj5-0 counter__Operator-sc-6up7sl-3 hdBVDE fUBxOO counter__StyledCounter-sc-gr2i7v-0 gwtRzC">LÃ¤gg till</button></div></div></div></div></div></div><div class="base__Wrapper-sc-1mnb0pd-6 base__FixedHeightWrapper-sc-1mnb0pd-41 fop__FixedHeightWrapper-sc-sgv9y1-0 gMlFiL jNtybn viewports-enabled-standard-fop__ViewportsEnabledFop-sc-zsokr2-0 eLImeH reg-price" data-visibility-id="ad29267e-6acf-46a3-8670-d9c1a5fb3845" data-test="fop-wrapper:ad29267e-6acf-46a3-8670-d9c1a5fb3845"><div class="base__BreadcrumbHeader-sc-1mnb0pd-0 iFkuNn"></div><div class="box__Box-sc-eqtis8-0 base__BoxCard-sc-1mnb0pd-5 eepUEu kPZdrA pl-classified"><div class="base__Header-sc-1mnb0pd-11 hKanCO"><div class="base__Media-sc-1mnb0pd-12 hfYvmL"><div class="base__ImageTopBar-sc-1mnb0pd-14 htbmfX"><div class="flex__Flex-sc-mmemlz-0 aQbjH"><div class="flex__Flex-sc-nm253f-0 base__ImageTopBarTopRow-sc-1mnb0pd-15 hCtgtf kWTiUu"></div></div></div><a href="https://handlaprivatkund.ica.se/stores/1015001/products/Praliner-Dessertchoklad-Guldask-200g-Anthon-Berg/2045324" data-synthetics="bop-link" class="link__Link-sc-14ymsi2-0 dSyqLR base__ImageWrapper-sc-1mnb0pd-23 iEwlm"><img alt="Praliner Dessertchoklad Guldask 200g Anthon Berg" src="./ica_market_4_files/300x300(23).jpg" title="Praliner Dessertchoklad Guldask 200g Anthon Berg" class="fop__Image-sc-sgv9y1-2 daCdrp"></a></div></div><div class="flex__Flex-sc-nm253f-0 base__BodyContainer-sc-1mnb0pd-33 hCtgtf ldErvm"><div data-test="fop-body" class="base__Body-sc-1mnb0pd-34 gRNUPx"><h3 class="text__Text-sc-6l1yjp-0 iWlLMY"><a href="https://handlaprivatkund.ica.se/stores/1015001/products/Praliner-Dessertchoklad-Guldask-200g-Anthon-Berg/2045324" data-test="fop-product-link" tabindex="-1" class="link__Link-sc-14ymsi2-0 dSyqLR link__Link-sc-14ymsi2-0 base__Title-sc-1mnb0pd-27 base__FixedHeightTitle-sc-1mnb0pd-43 dSyqLR ctGnCh cCRJZx">Praliner Dessertchoklad Guldask 200g Anthon Berg</a></h3><div data-test="fop-offer"><div class="base__OfferContainer-sc-1mnb0pd-39 fop__OfferContainer-sc-sgv9y1-9 gWPOHe Uumoi"></div></div><div data-test="fop-size"><div class="base__Size-sc-1mnb0pd-37 fop__SizeContainer-sc-sgv9y1-3 fwBToe fHyhGh"><span class="text__Text-sc-6l1yjp-0 base__SizeText-sc-1mnb0pd-38 fop__SizeText-sc-sgv9y1-4 bhymDA iImbUZ jrvLpU">0.2kg</span><span class="text__Text-sc-6l1yjp-0 standard-promotion__PromotionIntentText-sc-1vpsrpe-2 fop__PricePerText-sc-sgv9y1-5 dLNLFE kxmtvg eNYENy">(394,75&nbsp;kr/kg)</span></div></div><div data-test="fop-price-wrapper" class="base__PriceWrapper-sc-1mnb0pd-28 dDLLyP"><strong data-test="fop-price" class="base__Price-sc-1mnb0pd-29 sc-ksdxAp gsTqdV jgzQed">78,95&nbsp;kr</strong></div></div><div class="base__Footer-sc-1mnb0pd-35 OzclY"><div class="spacing__Spacing-sc-ngu0v9-0 jGPXUg"><span aria-live="polite" aria-relevant="text" class="text__Text-sc-6l1yjp-0 cYotRp">Du har 0 av den hÃ¤r varan i kundvagnen</span><div data-synthetics="product-id:ad29267e-6acf-46a3-8670-d9c1a5fb3845" data-test="fop-counter" class="counter__Container-sc-6up7sl-0 dhaHDi counter__StyledCounter-sc-gr2i7v-0 gwtRzC"><button type="button" data-synthetics="add-button" data-test="counter-button" aria-label="LÃ¤gg till Praliner Dessertchoklad Guldask 200g Anthon Berg i kundvagn" class="base-button__BaseButton-sc-1gkygj5-0 counter__Operator-sc-6up7sl-3 hdBVDE fUBxOO counter__StyledCounter-sc-gr2i7v-0 gwtRzC">LÃ¤gg till</button></div></div></div></div></div></div><div class="base__Wrapper-sc-1mnb0pd-6 base__FixedHeightWrapper-sc-1mnb0pd-41 fop__FixedHeightWrapper-sc-sgv9y1-0 gMlFiL jNtybn viewports-enabled-standard-fop__ViewportsEnabledFop-sc-zsokr2-0 eLImeH reg-price" data-visibility-id="65e91fdb-e3bd-476c-a911-018d4f8f32c0" data-test="fop-wrapper:65e91fdb-e3bd-476c-a911-018d4f8f32c0"><div class="base__BreadcrumbHeader-sc-1mnb0pd-0 iFkuNn"></div><div class="box__Box-sc-eqtis8-0 base__BoxCard-sc-1mnb0pd-5 eepUEu kPZdrA pl-classified"><div class="base__Header-sc-1mnb0pd-11 hKanCO"><div class="base__Media-sc-1mnb0pd-12 hfYvmL"><div class="base__ImageTopBar-sc-1mnb0pd-14 htbmfX"><div class="flex__Flex-sc-mmemlz-0 aQbjH"><div class="flex__Flex-sc-nm253f-0 base__ImageTopBarTopRow-sc-1mnb0pd-15 hCtgtf kWTiUu"></div></div></div><a href="https://handlaprivatkund.ica.se/stores/1015001/products/Adventskalender-Godis-334g-Hulten/2118931" data-synthetics="bop-link" class="link__Link-sc-14ymsi2-0 dSyqLR base__ImageWrapper-sc-1mnb0pd-23 iEwlm"><img alt="Adventskalender Godis 334g Hulten" src="./ica_market_4_files/300x300(24).jpg" title="Adventskalender Godis 334g Hulten" class="fop__Image-sc-sgv9y1-2 daCdrp"></a></div></div><div class="flex__Flex-sc-nm253f-0 base__BodyContainer-sc-1mnb0pd-33 hCtgtf ldErvm"><div data-test="fop-body" class="base__Body-sc-1mnb0pd-34 gRNUPx"><h3 class="text__Text-sc-6l1yjp-0 iWlLMY"><a href="https://handlaprivatkund.ica.se/stores/1015001/products/Adventskalender-Godis-334g-Hulten/2118931" data-test="fop-product-link" tabindex="-1" class="link__Link-sc-14ymsi2-0 dSyqLR link__Link-sc-14ymsi2-0 base__Title-sc-1mnb0pd-27 base__FixedHeightTitle-sc-1mnb0pd-43 dSyqLR ctGnCh cCRJZx">Adventskalender Godis 334g Hulten</a></h3><div data-test="fop-offer"><div class="base__OfferContainer-sc-1mnb0pd-39 fop__OfferContainer-sc-sgv9y1-9 gWPOHe Uumoi"></div></div><div data-test="fop-size"><div class="base__Size-sc-1mnb0pd-37 fop__SizeContainer-sc-sgv9y1-3 fwBToe fHyhGh"><span class="text__Text-sc-6l1yjp-0 base__SizeText-sc-1mnb0pd-38 fop__SizeText-sc-sgv9y1-4 bhymDA iImbUZ jrvLpU">0.334kg</span><span class="text__Text-sc-6l1yjp-0 standard-promotion__PromotionIntentText-sc-1vpsrpe-2 fop__PricePerText-sc-sgv9y1-5 dLNLFE kxmtvg eNYENy">(356,29&nbsp;kr/kg)</span></div></div><div data-test="fop-price-wrapper" class="base__PriceWrapper-sc-1mnb0pd-28 dDLLyP"><strong data-test="fop-price" class="base__Price-sc-1mnb0pd-29 sc-ksdxAp gsTqdV jgzQed">119,00&nbsp;kr</strong></div></div><div class="base__Footer-sc-1mnb0pd-35 OzclY"><div class="spacing__Spacing-sc-ngu0v9-0 jGPXUg"><span aria-live="polite" aria-relevant="text" class="text__Text-sc-6l1yjp-0 cYotRp">Du har 0 av den hÃ¤r varan i kundvagnen</span><div data-synthetics="product-id:65e91fdb-e3bd-476c-a911-018d4f8f32c0" data-test="fop-counter" class="counter__Container-sc-6up7sl-0 dhaHDi counter__StyledCounter-sc-gr2i7v-0 gwtRzC"><button type="button" data-synthetics="add-button" data-test="counter-button" aria-label="LÃ¤gg till Adventskalender Godis 334g Hulten i kundvagn" class="base-button__BaseButton-sc-1gkygj5-0 counter__Operator-sc-6up7sl-3 hdBVDE fUBxOO counter__StyledCounter-sc-gr2i7v-0 gwtRzC">LÃ¤gg till</button></div></div></div></div></div></div><div class="base__Wrapper-sc-1mnb0pd-6 base__FixedHeightWrapper-sc-1mnb0pd-41 fop__FixedHeightWrapper-sc-sgv9y1-0 gMlFiL jNtybn viewports-enabled-standard-fop__ViewportsEnabledFop-sc-zsokr2-0 eLImeH reg-price" data-visibility-id="277ded55-063c-44e3-b6a5-970972e6f43b" data-test="fop-wrapper:277ded55-063c-44e3-b6a5-970972e6f43b"><div class="base__BreadcrumbHeader-sc-1mnb0pd-0 iFkuNn"></div><div class="box__Box-sc-eqtis8-0 base__BoxCard-sc-1mnb0pd-5 eepUEu kPZdrA pl-classified"><div class="base__Header-sc-1mnb0pd-11 hKanCO"><div class="base__Media-sc-1mnb0pd-12 hfYvmL"><div class="base__ImageTopBar-sc-1mnb0pd-14 htbmfX"><div class="flex__Flex-sc-mmemlz-0 aQbjH"><div class="flex__Flex-sc-nm253f-0 base__ImageTopBarTopRow-sc-1mnb0pd-15 hCtgtf kWTiUu"></div></div></div><a href="https://handlaprivatkund.ica.se/stores/1015001/products/Chokladkalender-Oreo-LTD-275g-Marabou/2117703" data-synthetics="bop-link" class="link__Link-sc-14ymsi2-0 dSyqLR base__ImageWrapper-sc-1mnb0pd-23 iEwlm"><img alt="Chokladkalender Oreo LTD 275g Marabou" src="./ica_market_4_files/300x300(25).jpg" title="Chokladkalender Oreo LTD 275g Marabou" class="fop__Image-sc-sgv9y1-2 daCdrp"></a></div></div><div class="flex__Flex-sc-nm253f-0 base__BodyContainer-sc-1mnb0pd-33 hCtgtf ldErvm"><div data-test="fop-body" class="base__Body-sc-1mnb0pd-34 gRNUPx"><h3 class="text__Text-sc-6l1yjp-0 iWlLMY"><a href="https://handlaprivatkund.ica.se/stores/1015001/products/Chokladkalender-Oreo-LTD-275g-Marabou/2117703" data-test="fop-product-link" tabindex="-1" class="link__Link-sc-14ymsi2-0 dSyqLR link__Link-sc-14ymsi2-0 base__Title-sc-1mnb0pd-27 base__FixedHeightTitle-sc-1mnb0pd-43 dSyqLR ctGnCh cCRJZx">Chokladkalender Oreo LTD 275g Marabou</a></h3><div data-test="fop-offer"><div class="base__OfferContainer-sc-1mnb0pd-39 fop__OfferContainer-sc-sgv9y1-9 gWPOHe Uumoi"></div></div><div data-test="fop-size"><div class="base__Size-sc-1mnb0pd-37 fop__SizeContainer-sc-sgv9y1-3 fwBToe fHyhGh"><span class="text__Text-sc-6l1yjp-0 base__SizeText-sc-1mnb0pd-38 fop__SizeText-sc-sgv9y1-4 bhymDA iImbUZ jrvLpU">0.275kg</span><span class="text__Text-sc-6l1yjp-0 standard-promotion__PromotionIntentText-sc-1vpsrpe-2 fop__PricePerText-sc-sgv9y1-5 dLNLFE kxmtvg eNYENy">(418,18&nbsp;kr/kg)</span></div></div><div data-test="fop-price-wrapper" class="base__PriceWrapper-sc-1mnb0pd-28 dDLLyP"><strong data-test="fop-price" class="base__Price-sc-1mnb0pd-29 sc-ksdxAp gsTqdV jgzQed">115,00&nbsp;kr</strong></div></div><div class="base__Footer-sc-1mnb0pd-35 OzclY"><div class="spacing__Spacing-sc-ngu0v9-0 jGPXUg"><span aria-live="polite" aria-relevant="text" class="text__Text-sc-6l1yjp-0 cYotRp">Du har 0 av den hÃ¤r varan i kundvagnen</span><div data-synthetics="product-id:277ded55-063c-44e3-b6a5-970972e6f43b" data-test="fop-counter" class="counter__Container-sc-6up7sl-0 dhaHDi counter__StyledCounter-sc-gr2i7v-0 gwtRzC"><button type="button" data-synthetics="add-button" data-test="counter-button" aria-label="LÃ¤gg till Chokladkalender Oreo LTD 275g Marabou i kundvagn" class="base-button__BaseButton-sc-1gkygj5-0 counter__Operator-sc-6up7sl-3 hdBVDE fUBxOO counter__StyledCounter-sc-gr2i7v-0 gwtRzC">LÃ¤gg till</button></div></div></div></div></div></div><div class="base__Wrapper-sc-1mnb0pd-6 base__FixedHeightWrapper-sc-1mnb0pd-41 fop__FixedHeightWrapper-sc-sgv9y1-0 gMlFiL jNtybn viewports-enabled-standard-fop__ViewportsEnabledFop-sc-zsokr2-0 eLImeH reg-price" data-visibility-id="202d4df1-bfe8-45d8-a4f5-8d20df5c9032" data-test="fop-wrapper:202d4df1-bfe8-45d8-a4f5-8d20df5c9032"><div class="base__BreadcrumbHeader-sc-1mnb0pd-0 iFkuNn"></div><div class="box__Box-sc-eqtis8-0 base__BoxCard-sc-1mnb0pd-5 eepUEu kPZdrA pl-classified"><div class="base__Header-sc-1mnb0pd-11 hKanCO"><div class="base__Media-sc-1mnb0pd-12 hfYvmL"><div class="base__ImageTopBar-sc-1mnb0pd-14 htbmfX"><div class="flex__Flex-sc-mmemlz-0 aQbjH"><div class="flex__Flex-sc-nm253f-0 base__ImageTopBarTopRow-sc-1mnb0pd-15 hCtgtf kWTiUu"></div></div></div><a href="https://handlaprivatkund.ica.se/stores/1015001/products/Oreo-Sandwich-92g-Marabou/2062635" data-synthetics="bop-link" class="link__Link-sc-14ymsi2-0 dSyqLR base__ImageWrapper-sc-1mnb0pd-23 iEwlm"><img alt="Oreo Sandwich 92g Marabou" src="./ica_market_4_files/300x300(26).jpg" title="Oreo Sandwich 92g Marabou" class="fop__Image-sc-sgv9y1-2 daCdrp"></a></div></div><div class="flex__Flex-sc-nm253f-0 base__BodyContainer-sc-1mnb0pd-33 hCtgtf ldErvm"><div data-test="fop-body" class="base__Body-sc-1mnb0pd-34 gRNUPx"><h3 class="text__Text-sc-6l1yjp-0 iWlLMY"><a href="https://handlaprivatkund.ica.se/stores/1015001/products/Oreo-Sandwich-92g-Marabou/2062635" data-test="fop-product-link" tabindex="-1" class="link__Link-sc-14ymsi2-0 dSyqLR link__Link-sc-14ymsi2-0 base__Title-sc-1mnb0pd-27 base__FixedHeightTitle-sc-1mnb0pd-43 dSyqLR ctGnCh cCRJZx">Oreo Sandwich 92g Marabou</a></h3><div data-test="fop-offer"><div class="base__OfferContainer-sc-1mnb0pd-39 fop__OfferContainer-sc-sgv9y1-9 gWPOHe Uumoi"></div></div><div data-test="fop-size"><div class="base__Size-sc-1mnb0pd-37 fop__SizeContainer-sc-sgv9y1-3 fwBToe fHyhGh"><span class="text__Text-sc-6l1yjp-0 base__SizeText-sc-1mnb0pd-38 fop__SizeText-sc-sgv9y1-4 bhymDA iImbUZ jrvLpU">0.092kg</span><span class="text__Text-sc-6l1yjp-0 standard-promotion__PromotionIntentText-sc-1vpsrpe-2 fop__PricePerText-sc-sgv9y1-5 dLNLFE kxmtvg eNYENy">(173,37&nbsp;kr/kg)</span></div></div><div data-test="fop-price-wrapper" class="base__PriceWrapper-sc-1mnb0pd-28 dDLLyP"><strong data-test="fop-price" class="base__Price-sc-1mnb0pd-29 sc-ksdxAp gsTqdV jgzQed">15,95&nbsp;kr</strong></div></div><div class="base__Footer-sc-1mnb0pd-35 OzclY"><div class="spacing__Spacing-sc-ngu0v9-0 jGPXUg"><span aria-live="polite" aria-relevant="text" class="text__Text-sc-6l1yjp-0 cYotRp">Du har 0 av den hÃ¤r varan i kundvagnen</span><div data-synthetics="product-id:202d4df1-bfe8-45d8-a4f5-8d20df5c9032" data-test="fop-counter" class="counter__Container-sc-6up7sl-0 dhaHDi counter__StyledCounter-sc-gr2i7v-0 gwtRzC"><button type="button" data-synthetics="add-button" data-test="counter-button" aria-label="LÃ¤gg till Oreo Sandwich 92g Marabou i kundvagn" class="base-button__BaseButton-sc-1gkygj5-0 counter__Operator-sc-6up7sl-3 hdBVDE fUBxOO counter__StyledCounter-sc-gr2i7v-0 gwtRzC">LÃ¤gg till</button></div></div></div></div></div></div><div class="base__Wrapper-sc-1mnb0pd-6 base__FixedHeightWrapper-sc-1mnb0pd-41 fop__FixedHeightWrapper-sc-sgv9y1-0 gMlFiL jNtybn viewports-enabled-standard-fop__ViewportsEnabledFop-sc-zsokr2-0 eLImeH reg-price" data-visibility-id="0dfe3cb7-d436-4398-989a-81fbd7f3c8a8" data-test="fop-wrapper:0dfe3cb7-d436-4398-989a-81fbd7f3c8a8"><div class="base__BreadcrumbHeader-sc-1mnb0pd-0 iFkuNn"></div><div class="box__Box-sc-eqtis8-0 base__BoxCard-sc-1mnb0pd-5 eepUEu kPZdrA pl-classified"><div class="base__Header-sc-1mnb0pd-11 hKanCO"><div class="base__Media-sc-1mnb0pd-12 hfYvmL"><div class="base__ImageTopBar-sc-1mnb0pd-14 htbmfX"><div class="flex__Flex-sc-mmemlz-0 aQbjH"><div class="flex__Flex-sc-nm253f-0 base__ImageTopBarTopRow-sc-1mnb0pd-15 hCtgtf kWTiUu"></div></div></div><a href="https://handlaprivatkund.ica.se/stores/1015001/products/Chokladpralin-LINDOR-Salted-Caramel-137g-Lindt/2057889" data-synthetics="bop-link" class="link__Link-sc-14ymsi2-0 dSyqLR base__ImageWrapper-sc-1mnb0pd-23 iEwlm"><img alt="Chokladpralin LINDOR Salted Caramel 137g Lindt" src="./ica_market_4_files/300x300(27).jpg" title="Chokladpralin LINDOR Salted Caramel 137g Lindt" class="fop__Image-sc-sgv9y1-2 daCdrp"></a></div></div><div class="flex__Flex-sc-nm253f-0 base__BodyContainer-sc-1mnb0pd-33 hCtgtf ldErvm"><div data-test="fop-body" class="base__Body-sc-1mnb0pd-34 gRNUPx"><h3 class="text__Text-sc-6l1yjp-0 iWlLMY"><a href="https://handlaprivatkund.ica.se/stores/1015001/products/Chokladpralin-LINDOR-Salted-Caramel-137g-Lindt/2057889" data-test="fop-product-link" tabindex="-1" class="link__Link-sc-14ymsi2-0 dSyqLR link__Link-sc-14ymsi2-0 base__Title-sc-1mnb0pd-27 base__FixedHeightTitle-sc-1mnb0pd-43 dSyqLR ctGnCh cCRJZx">Chokladpralin LINDOR Salted Caramel 137g Lindt</a></h3><div data-test="fop-offer"><div class="base__OfferContainer-sc-1mnb0pd-39 fop__OfferContainer-sc-sgv9y1-9 gWPOHe Uumoi"></div></div><div data-test="fop-size"><div class="base__Size-sc-1mnb0pd-37 fop__SizeContainer-sc-sgv9y1-3 fwBToe fHyhGh"><span class="text__Text-sc-6l1yjp-0 base__SizeText-sc-1mnb0pd-38 fop__SizeText-sc-sgv9y1-4 bhymDA iImbUZ jrvLpU">0.137kg</span><span class="text__Text-sc-6l1yjp-0 standard-promotion__PromotionIntentText-sc-1vpsrpe-2 fop__PricePerText-sc-sgv9y1-5 dLNLFE kxmtvg eNYENy">(320,80&nbsp;kr/kg)</span></div></div><div data-test="fop-price-wrapper" class="base__PriceWrapper-sc-1mnb0pd-28 dDLLyP"><strong data-test="fop-price" class="base__Price-sc-1mnb0pd-29 sc-ksdxAp gsTqdV jgzQed">43,95&nbsp;kr</strong></div></div><div class="base__Footer-sc-1mnb0pd-35 OzclY"><div class="spacing__Spacing-sc-ngu0v9-0 jGPXUg"><span aria-live="polite" aria-relevant="text" class="text__Text-sc-6l1yjp-0 cYotRp">Du har 0 av den hÃ¤r varan i kundvagnen</span><div data-synthetics="product-id:0dfe3cb7-d436-4398-989a-81fbd7f3c8a8" data-test="fop-counter" class="counter__Container-sc-6up7sl-0 dhaHDi counter__StyledCounter-sc-gr2i7v-0 gwtRzC"><button type="button" data-synthetics="add-button" data-test="counter-button" aria-label="LÃ¤gg till Chokladpralin LINDOR Salted Caramel 137g Lindt i kundvagn" class="base-button__BaseButton-sc-1gkygj5-0 counter__Operator-sc-6up7sl-3 hdBVDE fUBxOO counter__StyledCounter-sc-gr2i7v-0 gwtRzC">LÃ¤gg till</button></div></div></div></div></div></div><div class="base__Wrapper-sc-1mnb0pd-6 base__FixedHeightWrapper-sc-1mnb0pd-41 fop__FixedHeightWrapper-sc-sgv9y1-0 gMlFiL jNtybn viewports-enabled-standard-fop__ViewportsEnabledFop-sc-zsokr2-0 eLImeH reg-price" data-visibility-id="17a1a5dc-98a5-4ec8-9a63-2bf80f647dba" data-test="fop-wrapper:17a1a5dc-98a5-4ec8-9a63-2bf80f647dba"><div class="base__BreadcrumbHeader-sc-1mnb0pd-0 iFkuNn"></div><div class="box__Box-sc-eqtis8-0 base__BoxCard-sc-1mnb0pd-5 eepUEu kPZdrA pl-classified"><div class="base__Header-sc-1mnb0pd-11 hKanCO"><div class="base__Media-sc-1mnb0pd-12 hfYvmL"><div class="base__ImageTopBar-sc-1mnb0pd-14 htbmfX"><div class="flex__Flex-sc-mmemlz-0 aQbjH"><div class="flex__Flex-sc-nm253f-0 base__ImageTopBarTopRow-sc-1mnb0pd-15 hCtgtf kWTiUu"></div></div></div><a href="https://handlaprivatkund.ica.se/stores/1015001/products/Daim-Orange-56g/2117695" data-synthetics="bop-link" class="link__Link-sc-14ymsi2-0 dSyqLR base__ImageWrapper-sc-1mnb0pd-23 iEwlm"><img alt="Daim Orange 56g" src="./ica_market_4_files/300x300(28).jpg" title="Daim Orange 56g" class="fop__Image-sc-sgv9y1-2 daCdrp"></a></div></div><div class="flex__Flex-sc-nm253f-0 base__BodyContainer-sc-1mnb0pd-33 hCtgtf ldErvm"><div data-test="fop-body" class="base__Body-sc-1mnb0pd-34 gRNUPx"><h3 class="text__Text-sc-6l1yjp-0 iWlLMY"><a href="https://handlaprivatkund.ica.se/stores/1015001/products/Daim-Orange-56g/2117695" data-test="fop-product-link" tabindex="-1" class="link__Link-sc-14ymsi2-0 dSyqLR link__Link-sc-14ymsi2-0 base__Title-sc-1mnb0pd-27 base__FixedHeightTitle-sc-1mnb0pd-43 dSyqLR ctGnCh cCRJZx">Daim Orange 56g</a></h3><div data-test="fop-offer"><div class="base__OfferContainer-sc-1mnb0pd-39 fop__OfferContainer-sc-sgv9y1-9 gWPOHe Uumoi"></div></div><div data-test="fop-size"><div class="base__Size-sc-1mnb0pd-37 fop__SizeContainer-sc-sgv9y1-3 fwBToe fHyhGh"><span class="text__Text-sc-6l1yjp-0 base__SizeText-sc-1mnb0pd-38 fop__SizeText-sc-sgv9y1-4 bhymDA iImbUZ jrvLpU">0.056kg</span><span class="text__Text-sc-6l1yjp-0 standard-promotion__PromotionIntentText-sc-1vpsrpe-2 fop__PricePerText-sc-sgv9y1-5 dLNLFE kxmtvg eNYENy">(159,82&nbsp;kr/kg)</span></div></div><div data-test="fop-price-wrapper" class="base__PriceWrapper-sc-1mnb0pd-28 dDLLyP"><strong data-test="fop-price" class="base__Price-sc-1mnb0pd-29 sc-ksdxAp gsTqdV jgzQed">8,95&nbsp;kr</strong></div></div><div class="base__Footer-sc-1mnb0pd-35 OzclY"><div class="spacing__Spacing-sc-ngu0v9-0 jGPXUg"><span aria-live="polite" aria-relevant="text" class="text__Text-sc-6l1yjp-0 cYotRp">Du har 0 av den hÃ¤r varan i kundvagnen</span><div data-synthetics="product-id:17a1a5dc-98a5-4ec8-9a63-2bf80f647dba" data-test="fop-counter" class="counter__Container-sc-6up7sl-0 dhaHDi counter__StyledCounter-sc-gr2i7v-0 gwtRzC"><button type="button" data-synthetics="add-button" data-test="counter-button" aria-label="LÃ¤gg till Daim Orange 56g i kundvagn" class="base-button__BaseButton-sc-1gkygj5-0 counter__Operator-sc-6up7sl-3 hdBVDE fUBxOO counter__StyledCounter-sc-gr2i7v-0 gwtRzC">LÃ¤gg till</button></div></div></div></div></div></div><div class="base__Wrapper-sc-1mnb0pd-6 base__FixedHeightWrapper-sc-1mnb0pd-41 fop__FixedHeightWrapper-sc-sgv9y1-0 gMlFiL jNtybn viewports-enabled-standard-fop__ViewportsEnabledFop-sc-zsokr2-0 eLImeH reg-price" data-visibility-id="d03ebac1-feff-4daa-be00-9b190be020f9" data-test="fop-wrapper:d03ebac1-feff-4daa-be00-9b190be020f9"><div class="base__BreadcrumbHeader-sc-1mnb0pd-0 iFkuNn"></div><div class="box__Box-sc-eqtis8-0 base__BoxCard-sc-1mnb0pd-5 eepUEu kPZdrA pl-classified"><div class="base__Header-sc-1mnb0pd-11 hKanCO"><div class="base__Media-sc-1mnb0pd-12 hfYvmL"><div class="base__ImageTopBar-sc-1mnb0pd-14 htbmfX"><div class="flex__Flex-sc-mmemlz-0 aQbjH"><div class="flex__Flex-sc-nm253f-0 base__ImageTopBarTopRow-sc-1mnb0pd-15 hCtgtf kWTiUu"></div></div></div><a href="https://handlaprivatkund.ica.se/stores/1015001/products/Chokladbit-LINDOR-Apelsin-Choklad-38g-Lindt/2045294" data-synthetics="bop-link" class="link__Link-sc-14ymsi2-0 dSyqLR base__ImageWrapper-sc-1mnb0pd-23 iEwlm"><img alt="Chokladbit LINDOR Apelsin Choklad 38g Lindt" src="./ica_market_4_files/300x300(29).jpg" title="Chokladbit LINDOR Apelsin Choklad 38g Lindt" class="fop__Image-sc-sgv9y1-2 daCdrp"></a></div></div><div class="flex__Flex-sc-nm253f-0 base__BodyContainer-sc-1mnb0pd-33 hCtgtf ldErvm"><div data-test="fop-body" class="base__Body-sc-1mnb0pd-34 gRNUPx"><h3 class="text__Text-sc-6l1yjp-0 iWlLMY"><a href="https://handlaprivatkund.ica.se/stores/1015001/products/Chokladbit-LINDOR-Apelsin-Choklad-38g-Lindt/2045294" data-test="fop-product-link" tabindex="-1" class="link__Link-sc-14ymsi2-0 dSyqLR link__Link-sc-14ymsi2-0 base__Title-sc-1mnb0pd-27 base__FixedHeightTitle-sc-1mnb0pd-43 dSyqLR ctGnCh cCRJZx">Chokladbit LINDOR Apelsin Choklad 38g Lindt</a></h3><div data-test="fop-offer"><div class="base__OfferContainer-sc-1mnb0pd-39 fop__OfferContainer-sc-sgv9y1-9 gWPOHe Uumoi"></div></div><div data-test="fop-size"><div class="base__Size-sc-1mnb0pd-37 fop__SizeContainer-sc-sgv9y1-3 fwBToe fHyhGh"><span class="text__Text-sc-6l1yjp-0 base__SizeText-sc-1mnb0pd-38 fop__SizeText-sc-sgv9y1-4 bhymDA iImbUZ jrvLpU">0.038kg</span><span class="text__Text-sc-6l1yjp-0 standard-promotion__PromotionIntentText-sc-1vpsrpe-2 fop__PricePerText-sc-sgv9y1-5 dLNLFE kxmtvg eNYENy">(314,47&nbsp;kr/kg)</span></div></div><div data-test="fop-price-wrapper" class="base__PriceWrapper-sc-1mnb0pd-28 dDLLyP"><strong data-test="fop-price" class="base__Price-sc-1mnb0pd-29 sc-ksdxAp gsTqdV jgzQed">11,95&nbsp;kr</strong></div></div><div class="base__Footer-sc-1mnb0pd-35 OzclY"><div class="spacing__Spacing-sc-ngu0v9-0 jGPXUg"><span aria-live="polite" aria-relevant="text" class="text__Text-sc-6l1yjp-0 cYotRp">Du har 0 av den hÃ¤r varan i kundvagnen</span><div data-synthetics="product-id:d03ebac1-feff-4daa-be00-9b190be020f9" data-test="fop-counter" class="counter__Container-sc-6up7sl-0 dhaHDi counter__StyledCounter-sc-gr2i7v-0 gwtRzC"><button type="button" data-synthetics="add-button" data-test="counter-button" aria-label="LÃ¤gg till Chokladbit LINDOR Apelsin Choklad 38g Lindt i kundvagn" class="base-button__BaseButton-sc-1gkygj5-0 counter__Operator-sc-6up7sl-3 hdBVDE fUBxOO counter__StyledCounter-sc-gr2i7v-0 gwtRzC">LÃ¤gg till</button></div></div></div></div></div></div><div class="base__Wrapper-sc-1mnb0pd-6 base__FixedHeightWrapper-sc-1mnb0pd-41 fop__FixedHeightWrapper-sc-sgv9y1-0 gMlFiL jNtybn viewports-enabled-standard-fop__ViewportsEnabledFop-sc-zsokr2-0 eLImeH reg-price" data-visibility-id="a0531969-06ed-4d7c-b781-ca434b938fa7" data-test="fop-wrapper:a0531969-06ed-4d7c-b781-ca434b938fa7"><div class="base__BreadcrumbHeader-sc-1mnb0pd-0 iFkuNn"></div><div class="box__Box-sc-eqtis8-0 base__BoxCard-sc-1mnb0pd-5 eepUEu kPZdrA pl-classified"><div class="base__Header-sc-1mnb0pd-11 hKanCO"><div class="base__Media-sc-1mnb0pd-12 hfYvmL"><div class="base__ImageTopBar-sc-1mnb0pd-14 htbmfX"><div class="flex__Flex-sc-mmemlz-0 aQbjH"><div class="flex__Flex-sc-nm253f-0 base__ImageTopBarTopRow-sc-1mnb0pd-15 hCtgtf kWTiUu"></div></div></div><a href="https://handlaprivatkund.ica.se/stores/1015001/products/Mj%C3%B6kchoklad-Creme-Laktosfri-100g-Greenstar/2000479" data-synthetics="bop-link" class="link__Link-sc-14ymsi2-0 dSyqLR base__ImageWrapper-sc-1mnb0pd-23 iEwlm"><img alt="MjÃ¶kchoklad Creme Laktosfri 100g Greenstar" src="./ica_market_4_files/300x300(30).jpg" title="MjÃ¶kchoklad Creme Laktosfri 100g Greenstar" class="fop__Image-sc-sgv9y1-2 daCdrp"></a></div></div><div class="flex__Flex-sc-nm253f-0 base__BodyContainer-sc-1mnb0pd-33 hCtgtf ldErvm"><div data-test="fop-body" class="base__Body-sc-1mnb0pd-34 gRNUPx"><h3 class="text__Text-sc-6l1yjp-0 iWlLMY"><a href="https://handlaprivatkund.ica.se/stores/1015001/products/Mj%C3%B6kchoklad-Creme-Laktosfri-100g-Greenstar/2000479" data-test="fop-product-link" tabindex="-1" class="link__Link-sc-14ymsi2-0 dSyqLR link__Link-sc-14ymsi2-0 base__Title-sc-1mnb0pd-27 base__FixedHeightTitle-sc-1mnb0pd-43 dSyqLR ctGnCh cCRJZx">MjÃ¶kchoklad Creme Laktosfri 100g Greenstar</a></h3><div data-test="fop-offer"><div class="base__OfferContainer-sc-1mnb0pd-39 fop__OfferContainer-sc-sgv9y1-9 gWPOHe Uumoi"></div></div><div data-test="fop-size"><div class="base__Size-sc-1mnb0pd-37 fop__SizeContainer-sc-sgv9y1-3 fwBToe fHyhGh"><span class="text__Text-sc-6l1yjp-0 base__SizeText-sc-1mnb0pd-38 fop__SizeText-sc-sgv9y1-4 bhymDA iImbUZ jrvLpU">0.1kg</span><span class="text__Text-sc-6l1yjp-0 standard-promotion__PromotionIntentText-sc-1vpsrpe-2 fop__PricePerText-sc-sgv9y1-5 dLNLFE kxmtvg eNYENy">(319,50&nbsp;kr/kg)</span></div></div><div data-test="fop-price-wrapper" class="base__PriceWrapper-sc-1mnb0pd-28 dDLLyP"><strong data-test="fop-price" class="base__Price-sc-1mnb0pd-29 sc-ksdxAp gsTqdV jgzQed">31,95&nbsp;kr</strong></div></div><div class="base__Footer-sc-1mnb0pd-35 OzclY"><div class="spacing__Spacing-sc-ngu0v9-0 jGPXUg"><span aria-live="polite" aria-relevant="text" class="text__Text-sc-6l1yjp-0 cYotRp">Du har 0 av den hÃ¤r varan i kundvagnen</span><div data-synthetics="product-id:a0531969-06ed-4d7c-b781-ca434b938fa7" data-test="fop-counter" class="counter__Container-sc-6up7sl-0 dhaHDi counter__StyledCounter-sc-gr2i7v-0 gwtRzC"><button type="button" data-synthetics="add-button" data-test="counter-button" aria-label="LÃ¤gg till MjÃ¶kchoklad Creme Laktosfri 100g Greenstar i kundvagn" class="base-button__BaseButton-sc-1gkygj5-0 counter__Operator-sc-6up7sl-3 hdBVDE fUBxOO counter__StyledCounter-sc-gr2i7v-0 gwtRzC">LÃ¤gg till</button></div></div></div></div></div></div><div class="base__Wrapper-sc-1mnb0pd-6 base__FixedHeightWrapper-sc-1mnb0pd-41 fop__FixedHeightWrapper-sc-sgv9y1-0 gMlFiL jNtybn viewports-enabled-standard-fop__ViewportsEnabledFop-sc-zsokr2-0 eLImeH reg-price" data-visibility-id="feba3876-57c7-43fe-9f86-66cffe70ef8a" data-test="fop-wrapper:feba3876-57c7-43fe-9f86-66cffe70ef8a"><div class="base__BreadcrumbHeader-sc-1mnb0pd-0 iFkuNn"></div><div class="box__Box-sc-eqtis8-0 base__BoxCard-sc-1mnb0pd-5 eepUEu kPZdrA pl-classified"><div class="base__Header-sc-1mnb0pd-11 hKanCO"><div class="base__Media-sc-1mnb0pd-12 hfYvmL"><div class="base__ImageTopBar-sc-1mnb0pd-14 htbmfX"><div class="flex__Flex-sc-mmemlz-0 aQbjH"><div class="flex__Flex-sc-nm253f-0 base__ImageTopBarTopRow-sc-1mnb0pd-15 hCtgtf kWTiUu"></div></div></div><a href="https://handlaprivatkund.ica.se/stores/1015001/products/Chokladkaka-CREATION-Fondante-Mj%C3%B6lkchoklad-150g-Lindt/1470384" data-synthetics="bop-link" class="link__Link-sc-14ymsi2-0 dSyqLR base__ImageWrapper-sc-1mnb0pd-23 iEwlm"><img alt="Chokladkaka CREATION Fondante MjÃ¶lkchoklad 150g Lindt" src="./ica_market_4_files/300x300(31).jpg" title="Chokladkaka CREATION Fondante MjÃ¶lkchoklad 150g Lindt" class="fop__Image-sc-sgv9y1-2 daCdrp"></a></div></div><div class="flex__Flex-sc-nm253f-0 base__BodyContainer-sc-1mnb0pd-33 hCtgtf ldErvm"><div data-test="fop-body" class="base__Body-sc-1mnb0pd-34 gRNUPx"><h3 class="text__Text-sc-6l1yjp-0 iWlLMY"><a href="https://handlaprivatkund.ica.se/stores/1015001/products/Chokladkaka-CREATION-Fondante-Mj%C3%B6lkchoklad-150g-Lindt/1470384" data-test="fop-product-link" tabindex="-1" class="link__Link-sc-14ymsi2-0 dSyqLR link__Link-sc-14ymsi2-0 base__Title-sc-1mnb0pd-27 base__FixedHeightTitle-sc-1mnb0pd-43 dSyqLR ctGnCh cCRJZx">Chokladkaka CREATION Fondante MjÃ¶lkchoklad 150g Lindt</a></h3><div data-test="fop-offer"><div class="base__OfferContainer-sc-1mnb0pd-39 fop__OfferContainer-sc-sgv9y1-9 gWPOHe Uumoi"></div></div><div data-test="fop-size"><div class="base__Size-sc-1mnb0pd-37 fop__SizeContainer-sc-sgv9y1-3 fwBToe fHyhGh"><span class="text__Text-sc-6l1yjp-0 base__SizeText-sc-1mnb0pd-38 fop__SizeText-sc-sgv9y1-4 bhymDA iImbUZ jrvLpU">0.15kg</span><span class="text__Text-sc-6l1yjp-0 standard-promotion__PromotionIntentText-sc-1vpsrpe-2 fop__PricePerText-sc-sgv9y1-5 dLNLFE kxmtvg eNYENy">(259,67&nbsp;kr/kg)</span></div></div><div data-test="fop-price-wrapper" class="base__PriceWrapper-sc-1mnb0pd-28 dDLLyP"><strong data-test="fop-price" class="base__Price-sc-1mnb0pd-29 sc-ksdxAp gsTqdV jgzQed">38,95&nbsp;kr</strong></div></div><div class="base__Footer-sc-1mnb0pd-35 OzclY"><div class="spacing__Spacing-sc-ngu0v9-0 jGPXUg"><span aria-live="polite" aria-relevant="text" class="text__Text-sc-6l1yjp-0 cYotRp">Du har 0 av den hÃ¤r varan i kundvagnen</span><div data-synthetics="product-id:feba3876-57c7-43fe-9f86-66cffe70ef8a" data-test="fop-counter" class="counter__Container-sc-6up7sl-0 dhaHDi counter__StyledCounter-sc-gr2i7v-0 gwtRzC"><button type="button" data-synthetics="add-button" data-test="counter-button" aria-label="LÃ¤gg till Chokladkaka CREATION Fondante MjÃ¶lkchoklad 150g Lindt i kundvagn" class="base-button__BaseButton-sc-1gkygj5-0 counter__Operator-sc-6up7sl-3 hdBVDE fUBxOO counter__StyledCounter-sc-gr2i7v-0 gwtRzC">LÃ¤gg till</button></div></div></div></div></div></div><div class="base__Wrapper-sc-1mnb0pd-6 base__FixedHeightWrapper-sc-1mnb0pd-41 fop__FixedHeightWrapper-sc-sgv9y1-0 gMlFiL jNtybn viewports-enabled-standard-fop__ViewportsEnabledFop-sc-zsokr2-0 eLImeH reg-price" data-visibility-id="0a40cf04-eadf-4acf-b662-93c15098b9c7" data-test="fop-wrapper:0a40cf04-eadf-4acf-b662-93c15098b9c7"><div class="base__BreadcrumbHeader-sc-1mnb0pd-0 iFkuNn"></div><div class="box__Box-sc-eqtis8-0 base__BoxCard-sc-1mnb0pd-5 eepUEu kPZdrA pl-classified"><div class="base__Header-sc-1mnb0pd-11 hKanCO"><div class="base__Media-sc-1mnb0pd-12 hfYvmL"><div class="base__ImageTopBar-sc-1mnb0pd-14 htbmfX"><div class="flex__Flex-sc-mmemlz-0 aQbjH"><div class="flex__Flex-sc-nm253f-0 base__ImageTopBarTopRow-sc-1mnb0pd-15 hCtgtf kWTiUu"></div></div></div><a href="https://handlaprivatkund.ica.se/stores/1015001/products/Adventskalender-300g-Haribo/2084301" data-synthetics="bop-link" class="link__Link-sc-14ymsi2-0 dSyqLR base__ImageWrapper-sc-1mnb0pd-23 iEwlm"><img alt="Adventskalender 300g Haribo" src="./ica_market_4_files/300x300(32).jpg" title="Adventskalender 300g Haribo" class="fop__Image-sc-sgv9y1-2 daCdrp"></a></div></div><div class="flex__Flex-sc-nm253f-0 base__BodyContainer-sc-1mnb0pd-33 hCtgtf ldErvm"><div data-test="fop-body" class="base__Body-sc-1mnb0pd-34 gRNUPx"><h3 class="text__Text-sc-6l1yjp-0 iWlLMY"><a href="https://handlaprivatkund.ica.se/stores/1015001/products/Adventskalender-300g-Haribo/2084301" data-test="fop-product-link" tabindex="-1" class="link__Link-sc-14ymsi2-0 dSyqLR link__Link-sc-14ymsi2-0 base__Title-sc-1mnb0pd-27 base__FixedHeightTitle-sc-1mnb0pd-43 dSyqLR ctGnCh cCRJZx">Adventskalender 300g Haribo</a></h3><div data-test="fop-offer"><div class="base__OfferContainer-sc-1mnb0pd-39 fop__OfferContainer-sc-sgv9y1-9 gWPOHe Uumoi"></div></div><div data-test="fop-size"><div class="base__Size-sc-1mnb0pd-37 fop__SizeContainer-sc-sgv9y1-3 fwBToe fHyhGh"><span class="text__Text-sc-6l1yjp-0 base__SizeText-sc-1mnb0pd-38 fop__SizeText-sc-sgv9y1-4 bhymDA iImbUZ jrvLpU">0.3kg</span><span class="text__Text-sc-6l1yjp-0 standard-promotion__PromotionIntentText-sc-1vpsrpe-2 fop__PricePerText-sc-sgv9y1-5 dLNLFE kxmtvg eNYENy">(286,50&nbsp;kr/kg)</span></div></div><div data-test="fop-price-wrapper" class="base__PriceWrapper-sc-1mnb0pd-28 dDLLyP"><strong data-test="fop-price" class="base__Price-sc-1mnb0pd-29 sc-ksdxAp gsTqdV jgzQed">85,95&nbsp;kr</strong></div></div><div class="base__Footer-sc-1mnb0pd-35 OzclY"><div class="spacing__Spacing-sc-ngu0v9-0 jGPXUg"><span aria-live="polite" aria-relevant="text" class="text__Text-sc-6l1yjp-0 cYotRp">Du har 0 av den hÃ¤r varan i kundvagnen</span><div data-synthetics="product-id:0a40cf04-eadf-4acf-b662-93c15098b9c7" data-test="fop-counter" class="counter__Container-sc-6up7sl-0 dhaHDi counter__StyledCounter-sc-gr2i7v-0 gwtRzC"><button type="button" data-synthetics="add-button" data-test="counter-button" aria-label="LÃ¤gg till Adventskalender 300g Haribo i kundvagn" class="base-button__BaseButton-sc-1gkygj5-0 counter__Operator-sc-6up7sl-3 hdBVDE fUBxOO counter__StyledCounter-sc-gr2i7v-0 gwtRzC">LÃ¤gg till</button></div></div></div></div></div></div><div class="base__Wrapper-sc-1mnb0pd-6 base__FixedHeightWrapper-sc-1mnb0pd-41 fop__FixedHeightWrapper-sc-sgv9y1-0 gMlFiL jNtybn viewports-enabled-standard-fop__ViewportsEnabledFop-sc-zsokr2-0 eLImeH reg-price" data-visibility-id="974edf29-9d3f-4474-b944-302bdf4f2060" data-test="fop-wrapper:974edf29-9d3f-4474-b944-302bdf4f2060"><div class="base__BreadcrumbHeader-sc-1mnb0pd-0 iFkuNn"></div><div class="box__Box-sc-eqtis8-0 base__BoxCard-sc-1mnb0pd-5 eepUEu kPZdrA pl-classified"><div class="base__Header-sc-1mnb0pd-11 hKanCO"><div class="base__Media-sc-1mnb0pd-12 hfYvmL"><div class="base__ImageTopBar-sc-1mnb0pd-14 htbmfX"><div class="flex__Flex-sc-mmemlz-0 aQbjH"><div class="flex__Flex-sc-nm253f-0 base__ImageTopBarTopRow-sc-1mnb0pd-15 hCtgtf kWTiUu"></div></div></div><a href="https://handlaprivatkund.ica.se/stores/1015001/products/Choklad-Never-Stop-Crunchy-Corn-170g-Marabou/2111800" data-synthetics="bop-link" class="link__Link-sc-14ymsi2-0 dSyqLR base__ImageWrapper-sc-1mnb0pd-23 iEwlm"><img alt="Choklad Never Stop Crunchy Corn 170g Marabou" src="./ica_market_4_files/300x300(33).jpg" title="Choklad Never Stop Crunchy Corn 170g Marabou" class="fop__Image-sc-sgv9y1-2 daCdrp"></a></div></div><div class="flex__Flex-sc-nm253f-0 base__BodyContainer-sc-1mnb0pd-33 hCtgtf ldErvm"><div data-test="fop-body" class="base__Body-sc-1mnb0pd-34 gRNUPx"><h3 class="text__Text-sc-6l1yjp-0 iWlLMY"><a href="https://handlaprivatkund.ica.se/stores/1015001/products/Choklad-Never-Stop-Crunchy-Corn-170g-Marabou/2111800" data-test="fop-product-link" tabindex="-1" class="link__Link-sc-14ymsi2-0 dSyqLR link__Link-sc-14ymsi2-0 base__Title-sc-1mnb0pd-27 base__FixedHeightTitle-sc-1mnb0pd-43 dSyqLR ctGnCh cCRJZx">Choklad Never Stop Crunchy Corn 170g Marabou</a></h3><div data-test="fop-offer"><div class="base__OfferContainer-sc-1mnb0pd-39 fop__OfferContainer-sc-sgv9y1-9 gWPOHe Uumoi"></div></div><div data-test="fop-size"><div class="base__Size-sc-1mnb0pd-37 fop__SizeContainer-sc-sgv9y1-3 fwBToe fHyhGh"><span class="text__Text-sc-6l1yjp-0 base__SizeText-sc-1mnb0pd-38 fop__SizeText-sc-sgv9y1-4 bhymDA iImbUZ jrvLpU">0.17kg</span><span class="text__Text-sc-6l1yjp-0 standard-promotion__PromotionIntentText-sc-1vpsrpe-2 fop__PricePerText-sc-sgv9y1-5 dLNLFE kxmtvg eNYENy">(217,35&nbsp;kr/kg)</span></div></div><div data-test="fop-price-wrapper" class="base__PriceWrapper-sc-1mnb0pd-28 dDLLyP"><strong data-test="fop-price" class="base__Price-sc-1mnb0pd-29 sc-ksdxAp gsTqdV jgzQed">36,95&nbsp;kr</strong></div></div><div class="base__Footer-sc-1mnb0pd-35 OzclY"><div class="spacing__Spacing-sc-ngu0v9-0 jGPXUg"><span aria-live="polite" aria-relevant="text" class="text__Text-sc-6l1yjp-0 cYotRp">Du har 0 av den hÃ¤r varan i kundvagnen</span><div data-synthetics="product-id:974edf29-9d3f-4474-b944-302bdf4f2060" data-test="fop-counter" class="counter__Container-sc-6up7sl-0 dhaHDi counter__StyledCounter-sc-gr2i7v-0 gwtRzC"><button type="button" data-synthetics="add-button" data-test="counter-button" aria-label="LÃ¤gg till Choklad Never Stop Crunchy Corn 170g Marabou i kundvagn" class="base-button__BaseButton-sc-1gkygj5-0 counter__Operator-sc-6up7sl-3 hdBVDE fUBxOO counter__StyledCounter-sc-gr2i7v-0 gwtRzC">LÃ¤gg till</button></div></div></div></div></div></div><div class="base__Wrapper-sc-1mnb0pd-6 base__FixedHeightWrapper-sc-1mnb0pd-41 fop__FixedHeightWrapper-sc-sgv9y1-0 gMlFiL jNtybn viewports-enabled-standard-fop__ViewportsEnabledFop-sc-zsokr2-0 eLImeH reg-price" data-visibility-id="9206cfd8-baa3-4d60-bfa6-b5c3b0a89c3c" data-test="fop-wrapper:9206cfd8-baa3-4d60-bfa6-b5c3b0a89c3c"><div class="base__BreadcrumbHeader-sc-1mnb0pd-0 iFkuNn"></div><div class="box__Box-sc-eqtis8-0 base__BoxCard-sc-1mnb0pd-5 eepUEu kPZdrA pl-classified"><div class="base__Header-sc-1mnb0pd-11 hKanCO"><div class="base__Media-sc-1mnb0pd-12 hfYvmL"><div class="base__ImageTopBar-sc-1mnb0pd-14 htbmfX"><div class="flex__Flex-sc-mmemlz-0 aQbjH"><div class="flex__Flex-sc-nm253f-0 base__ImageTopBarTopRow-sc-1mnb0pd-15 hCtgtf kWTiUu"></div></div></div><div class="base__ImageBottomBar-sc-1mnb0pd-22 fnUTQB"><div class="base__ProductAttributes-sc-1mnb0pd-25 bKorYI"><span title="EU Ekologiskt" data-test="lifestyle-icon__leaf-eu" class="product-attribute-icon__ProductAttributeIconSvg-sc-40nmqh-0 base__ProductAttribute-sc-1mnb0pd-26 fVwPNQ"><svg><use href="#svg-leaf-eu"></use></svg></span><span title="RÃ¤ttvisemÃ¤rkt" data-test="lifestyle-icon__fairtrade" class="product-attribute-icon__ProductAttributeIconSvg-sc-40nmqh-0 base__ProductAttribute-sc-1mnb0pd-26 fVwPNQ"><svg><use href="#svg-fairtrade"></use></svg></span><span title="Ekologiskt" data-test="lifestyle-icon__eco" class="product-attribute-icon__ProductAttributeIconSvg-sc-40nmqh-0 base__ProductAttribute-sc-1mnb0pd-26 fVwPNQ"><svg><use href="#svg-eco"></use></svg></span></div></div><a href="https://handlaprivatkund.ica.se/stores/1015001/products/Chokladkaka-Mint-M%C3%B6rk-Choklad-55-100g-ICA-Selection/2077496" data-synthetics="bop-link" class="link__Link-sc-14ymsi2-0 dSyqLR base__ImageWrapper-sc-1mnb0pd-23 iEwlm"><img alt="Chokladkaka Mint MÃ¶rk Choklad 55% 100g ICA Selection EU Ekologiskt, RÃ¤ttvisemÃ¤rkt, Ekologiskt" src="./ica_market_4_files/300x300(34).jpg" title="Chokladkaka Mint MÃ¶rk Choklad 55% 100g ICA Selection" class="fop__Image-sc-sgv9y1-2 daCdrp"></a></div></div><div class="flex__Flex-sc-nm253f-0 base__BodyContainer-sc-1mnb0pd-33 hCtgtf ldErvm"><div data-test="fop-body" class="base__Body-sc-1mnb0pd-34 gRNUPx"><h3 class="text__Text-sc-6l1yjp-0 iWlLMY"><a href="https://handlaprivatkund.ica.se/stores/1015001/products/Chokladkaka-Mint-M%C3%B6rk-Choklad-55-100g-ICA-Selection/2077496" data-test="fop-product-link" tabindex="-1" class="link__Link-sc-14ymsi2-0 dSyqLR link__Link-sc-14ymsi2-0 base__Title-sc-1mnb0pd-27 base__FixedHeightTitle-sc-1mnb0pd-43 dSyqLR ctGnCh cCRJZx">Chokladkaka Mint MÃ¶rk Choklad 55% 100g ICA Selection</a></h3><div data-test="fop-offer"><div class="base__OfferContainer-sc-1mnb0pd-39 fop__OfferContainer-sc-sgv9y1-9 gWPOHe Uumoi"></div></div><div data-test="fop-size"><div class="base__Size-sc-1mnb0pd-37 fop__SizeContainer-sc-sgv9y1-3 fwBToe fHyhGh"><span class="text__Text-sc-6l1yjp-0 base__SizeText-sc-1mnb0pd-38 fop__SizeText-sc-sgv9y1-4 bhymDA iImbUZ jrvLpU">0.1kg</span><span class="text__Text-sc-6l1yjp-0 standard-promotion__PromotionIntentText-sc-1vpsrpe-2 fop__PricePerText-sc-sgv9y1-5 dLNLFE kxmtvg eNYENy">(209,50&nbsp;kr/kg)</span></div></div><div data-test="fop-price-wrapper" class="base__PriceWrapper-sc-1mnb0pd-28 dDLLyP"><strong data-test="fop-price" class="base__Price-sc-1mnb0pd-29 sc-ksdxAp gsTqdV jgzQed">20,95&nbsp;kr</strong></div></div><div class="base__Footer-sc-1mnb0pd-35 OzclY"><div class="spacing__Spacing-sc-ngu0v9-0 jGPXUg"><span aria-live="polite" aria-relevant="text" class="text__Text-sc-6l1yjp-0 cYotRp">Du har 0 av den hÃ¤r varan i kundvagnen</span><div data-synthetics="product-id:9206cfd8-baa3-4d60-bfa6-b5c3b0a89c3c" data-test="fop-counter" class="counter__Container-sc-6up7sl-0 dhaHDi counter__StyledCounter-sc-gr2i7v-0 gwtRzC"><button type="button" data-synthetics="add-button" data-test="counter-button" aria-label="LÃ¤gg till Chokladkaka Mint MÃ¶rk Choklad 55% 100g ICA Selection i kundvagn" class="base-button__BaseButton-sc-1gkygj5-0 counter__Operator-sc-6up7sl-3 hdBVDE fUBxOO counter__StyledCounter-sc-gr2i7v-0 gwtRzC">LÃ¤gg till</button></div></div></div></div></div></div><div class="base__Wrapper-sc-1mnb0pd-6 base__FixedHeightWrapper-sc-1mnb0pd-41 fop__FixedHeightWrapper-sc-sgv9y1-0 gMlFiL jNtybn viewports-enabled-standard-fop__ViewportsEnabledFop-sc-zsokr2-0 eLImeH reg-price" data-visibility-id="3a2750be-ea1a-4b10-bf93-4097b98e53a8" data-test="fop-wrapper:3a2750be-ea1a-4b10-bf93-4097b98e53a8"><div class="base__BreadcrumbHeader-sc-1mnb0pd-0 iFkuNn"></div><div class="box__Box-sc-eqtis8-0 base__BoxCard-sc-1mnb0pd-5 eepUEu kPZdrA pl-classified"><div class="base__Header-sc-1mnb0pd-11 hKanCO"><div class="base__Media-sc-1mnb0pd-12 hfYvmL"><div class="base__ImageTopBar-sc-1mnb0pd-14 htbmfX"><div class="flex__Flex-sc-mmemlz-0 aQbjH"><div class="flex__Flex-sc-nm253f-0 base__ImageTopBarTopRow-sc-1mnb0pd-15 hCtgtf kWTiUu"></div></div></div><a href="https://handlaprivatkund.ica.se/stores/1015001/products/Chokladkaka-LES-GRANDES-Mandel-Havssalt-M%C3%B6rk-150g-Lindt/2057909" data-synthetics="bop-link" class="link__Link-sc-14ymsi2-0 dSyqLR base__ImageWrapper-sc-1mnb0pd-23 iEwlm"><img alt="Chokladkaka LES GRANDES Mandel Havssalt MÃ¶rk 150g Lindt" src="./ica_market_4_files/300x300(35).jpg" title="Chokladkaka LES GRANDES Mandel Havssalt MÃ¶rk 150g Lindt" class="fop__Image-sc-sgv9y1-2 daCdrp"></a></div></div><div class="flex__Flex-sc-nm253f-0 base__BodyContainer-sc-1mnb0pd-33 hCtgtf ldErvm"><div data-test="fop-body" class="base__Body-sc-1mnb0pd-34 gRNUPx"><h3 class="text__Text-sc-6l1yjp-0 iWlLMY"><a href="https://handlaprivatkund.ica.se/stores/1015001/products/Chokladkaka-LES-GRANDES-Mandel-Havssalt-M%C3%B6rk-150g-Lindt/2057909" data-test="fop-product-link" tabindex="-1" class="link__Link-sc-14ymsi2-0 dSyqLR link__Link-sc-14ymsi2-0 base__Title-sc-1mnb0pd-27 base__FixedHeightTitle-sc-1mnb0pd-43 dSyqLR ctGnCh cCRJZx">Chokladkaka LES GRANDES Mandel Havssalt MÃ¶rk 150g Lindt</a></h3><div data-test="fop-offer"><div class="base__OfferContainer-sc-1mnb0pd-39 fop__OfferContainer-sc-sgv9y1-9 gWPOHe Uumoi"></div></div><div data-test="fop-size"><div class="base__Size-sc-1mnb0pd-37 fop__SizeContainer-sc-sgv9y1-3 fwBToe fHyhGh"><span class="text__Text-sc-6l1yjp-0 base__SizeText-sc-1mnb0pd-38 fop__SizeText-sc-sgv9y1-4 bhymDA iImbUZ jrvLpU">0.15kg</span><span class="text__Text-sc-6l1yjp-0 standard-promotion__PromotionIntentText-sc-1vpsrpe-2 fop__PricePerText-sc-sgv9y1-5 dLNLFE kxmtvg eNYENy">(313,00&nbsp;kr/kg)</span></div></div><div data-test="fop-price-wrapper" class="base__PriceWrapper-sc-1mnb0pd-28 dDLLyP"><strong data-test="fop-price" class="base__Price-sc-1mnb0pd-29 sc-ksdxAp gsTqdV jgzQed">46,95&nbsp;kr</strong></div></div><div class="base__Footer-sc-1mnb0pd-35 OzclY"><div class="spacing__Spacing-sc-ngu0v9-0 jGPXUg"><span aria-live="polite" aria-relevant="text" class="text__Text-sc-6l1yjp-0 cYotRp">Du har 0 av den hÃ¤r varan i kundvagnen</span><div data-synthetics="product-id:3a2750be-ea1a-4b10-bf93-4097b98e53a8" data-test="fop-counter" class="counter__Container-sc-6up7sl-0 dhaHDi counter__StyledCounter-sc-gr2i7v-0 gwtRzC"><button type="button" data-synthetics="add-button" data-test="counter-button" aria-label="LÃ¤gg till Chokladkaka LES GRANDES Mandel Havssalt MÃ¶rk 150g Lindt i kundvagn" class="base-button__BaseButton-sc-1gkygj5-0 counter__Operator-sc-6up7sl-3 hdBVDE fUBxOO counter__StyledCounter-sc-gr2i7v-0 gwtRzC">LÃ¤gg till</button></div></div></div></div></div></div><div class="base__Wrapper-sc-1mnb0pd-6 base__FixedHeightWrapper-sc-1mnb0pd-41 fop__FixedHeightWrapper-sc-sgv9y1-0 gMlFiL jNtybn viewports-enabled-standard-fop__ViewportsEnabledFop-sc-zsokr2-0 eLImeH reg-price" data-visibility-id="f6df6297-62fb-46a6-982d-7ec3ab4552ef" data-test="fop-wrapper:f6df6297-62fb-46a6-982d-7ec3ab4552ef"><div class="base__BreadcrumbHeader-sc-1mnb0pd-0 iFkuNn"></div><div class="box__Box-sc-eqtis8-0 base__BoxCard-sc-1mnb0pd-5 eepUEu kPZdrA pl-classified"><div class="base__Header-sc-1mnb0pd-11 hKanCO"><div class="base__Media-sc-1mnb0pd-12 hfYvmL"><div class="base__ImageTopBar-sc-1mnb0pd-14 htbmfX"><div class="flex__Flex-sc-mmemlz-0 aQbjH"><div class="flex__Flex-sc-nm253f-0 base__ImageTopBarTopRow-sc-1mnb0pd-15 hCtgtf kWTiUu"></div></div></div><a href="https://handlaprivatkund.ica.se/stores/1015001/products/Chokladpengar-100g-Asba/1528323" data-synthetics="bop-link" class="link__Link-sc-14ymsi2-0 dSyqLR base__ImageWrapper-sc-1mnb0pd-23 iEwlm"><img alt="Chokladpengar 100g Asba" src="./ica_market_4_files/300x300(36).jpg" title="Chokladpengar 100g Asba" class="fop__Image-sc-sgv9y1-2 daCdrp"></a></div></div><div class="flex__Flex-sc-nm253f-0 base__BodyContainer-sc-1mnb0pd-33 hCtgtf ldErvm"><div data-test="fop-body" class="base__Body-sc-1mnb0pd-34 gRNUPx"><h3 class="text__Text-sc-6l1yjp-0 iWlLMY"><a href="https://handlaprivatkund.ica.se/stores/1015001/products/Chokladpengar-100g-Asba/1528323" data-test="fop-product-link" tabindex="-1" class="link__Link-sc-14ymsi2-0 dSyqLR link__Link-sc-14ymsi2-0 base__Title-sc-1mnb0pd-27 base__FixedHeightTitle-sc-1mnb0pd-43 dSyqLR ctGnCh cCRJZx">Chokladpengar 100g Asba</a></h3><div data-test="fop-offer"><div class="base__OfferContainer-sc-1mnb0pd-39 fop__OfferContainer-sc-sgv9y1-9 gWPOHe Uumoi"></div></div><div data-test="fop-size"><div class="base__Size-sc-1mnb0pd-37 fop__SizeContainer-sc-sgv9y1-3 fwBToe fHyhGh"><span class="text__Text-sc-6l1yjp-0 standard-promotion__PromotionIntentText-sc-1vpsrpe-2 fop__PricePerText-sc-sgv9y1-5 dLNLFE kxmtvg eNYENy">(14,95&nbsp;kr/st)</span></div></div><div data-test="fop-price-wrapper" class="base__PriceWrapper-sc-1mnb0pd-28 dDLLyP"><strong data-test="fop-price" class="base__Price-sc-1mnb0pd-29 sc-ksdxAp gsTqdV jgzQed">14,95&nbsp;kr</strong></div></div><div class="base__Footer-sc-1mnb0pd-35 OzclY"><div class="spacing__Spacing-sc-ngu0v9-0 jGPXUg"><span aria-live="polite" aria-relevant="text" class="text__Text-sc-6l1yjp-0 cYotRp">Du har 0 av den hÃ¤r varan i kundvagnen</span><div data-synthetics="product-id:f6df6297-62fb-46a6-982d-7ec3ab4552ef" data-test="fop-counter" class="counter__Container-sc-6up7sl-0 dhaHDi counter__StyledCounter-sc-gr2i7v-0 gwtRzC"><button type="button" data-synthetics="add-button" data-test="counter-button" aria-label="LÃ¤gg till Chokladpengar 100g Asba i kundvagn" class="base-button__BaseButton-sc-1gkygj5-0 counter__Operator-sc-6up7sl-3 hdBVDE fUBxOO counter__StyledCounter-sc-gr2i7v-0 gwtRzC">LÃ¤gg till</button></div></div></div></div></div></div><div class="base__Wrapper-sc-1mnb0pd-6 base__FixedHeightWrapper-sc-1mnb0pd-41 fop__FixedHeightWrapper-sc-sgv9y1-0 gMlFiL jNtybn viewports-enabled-standard-fop__ViewportsEnabledFop-sc-zsokr2-0 eLImeH reg-price" data-visibility-id="171ca141-2ff2-49c3-95d4-e7ba3aabb6da" data-test="fop-wrapper:171ca141-2ff2-49c3-95d4-e7ba3aabb6da"><div class="base__BreadcrumbHeader-sc-1mnb0pd-0 iFkuNn"></div><div class="box__Box-sc-eqtis8-0 base__BoxCard-sc-1mnb0pd-5 eepUEu kPZdrA pl-classified"><div class="base__Header-sc-1mnb0pd-11 hKanCO"><div class="base__Media-sc-1mnb0pd-12 hfYvmL"><div class="base__ImageTopBar-sc-1mnb0pd-14 htbmfX"><div class="flex__Flex-sc-mmemlz-0 aQbjH"><div class="flex__Flex-sc-nm253f-0 base__ImageTopBarTopRow-sc-1mnb0pd-15 hCtgtf kWTiUu"></div></div></div><a href="https://handlaprivatkund.ica.se/stores/1015001/products/Chokladkaka-LES-GRANDES-Mj%C3%B6lkchoklad-Hasseln%C3%B6t-150g-Lindt/2013159" data-synthetics="bop-link" class="link__Link-sc-14ymsi2-0 dSyqLR base__ImageWrapper-sc-1mnb0pd-23 iEwlm"><img alt="Chokladkaka LES GRANDES MjÃ¶lkchoklad HasselnÃ¶t 150g Lindt" src="./ica_market_4_files/300x300(37).jpg" title="Chokladkaka LES GRANDES MjÃ¶lkchoklad HasselnÃ¶t 150g Lindt" class="fop__Image-sc-sgv9y1-2 daCdrp"></a></div></div><div class="flex__Flex-sc-nm253f-0 base__BodyContainer-sc-1mnb0pd-33 hCtgtf ldErvm"><div data-test="fop-body" class="base__Body-sc-1mnb0pd-34 gRNUPx"><h3 class="text__Text-sc-6l1yjp-0 iWlLMY"><a href="https://handlaprivatkund.ica.se/stores/1015001/products/Chokladkaka-LES-GRANDES-Mj%C3%B6lkchoklad-Hasseln%C3%B6t-150g-Lindt/2013159" data-test="fop-product-link" tabindex="-1" class="link__Link-sc-14ymsi2-0 dSyqLR link__Link-sc-14ymsi2-0 base__Title-sc-1mnb0pd-27 base__FixedHeightTitle-sc-1mnb0pd-43 dSyqLR ctGnCh cCRJZx">Chokladkaka LES GRANDES MjÃ¶lkchoklad HasselnÃ¶t 150g Lindt</a></h3><div data-test="fop-offer"><div class="base__OfferContainer-sc-1mnb0pd-39 fop__OfferContainer-sc-sgv9y1-9 gWPOHe Uumoi"></div></div><div data-test="fop-size"><div class="base__Size-sc-1mnb0pd-37 fop__SizeContainer-sc-sgv9y1-3 fwBToe fHyhGh"><span class="text__Text-sc-6l1yjp-0 base__SizeText-sc-1mnb0pd-38 fop__SizeText-sc-sgv9y1-4 bhymDA iImbUZ jrvLpU">0.15kg</span><span class="text__Text-sc-6l1yjp-0 standard-promotion__PromotionIntentText-sc-1vpsrpe-2 fop__PricePerText-sc-sgv9y1-5 dLNLFE kxmtvg eNYENy">(313,00&nbsp;kr/kg)</span></div></div><div data-test="fop-price-wrapper" class="base__PriceWrapper-sc-1mnb0pd-28 dDLLyP"><strong data-test="fop-price" class="base__Price-sc-1mnb0pd-29 sc-ksdxAp gsTqdV jgzQed">46,95&nbsp;kr</strong></div></div><div class="base__Footer-sc-1mnb0pd-35 OzclY"><div class="spacing__Spacing-sc-ngu0v9-0 jGPXUg"><span aria-live="polite" aria-relevant="text" class="text__Text-sc-6l1yjp-0 cYotRp">Du har 0 av den hÃ¤r varan i kundvagnen</span><div data-synthetics="product-id:171ca141-2ff2-49c3-95d4-e7ba3aabb6da" data-test="fop-counter" class="counter__Container-sc-6up7sl-0 dhaHDi counter__StyledCounter-sc-gr2i7v-0 gwtRzC"><button type="button" data-synthetics="add-button" data-test="counter-button" aria-label="LÃ¤gg till Chokladkaka LES GRANDES MjÃ¶lkchoklad HasselnÃ¶t 150g Lindt i kundvagn" class="base-button__BaseButton-sc-1gkygj5-0 counter__Operator-sc-6up7sl-3 hdBVDE fUBxOO counter__StyledCounter-sc-gr2i7v-0 gwtRzC">LÃ¤gg till</button></div></div></div></div></div></div><div class="base__Wrapper-sc-1mnb0pd-6 base__FixedHeightWrapper-sc-1mnb0pd-41 fop__FixedHeightWrapper-sc-sgv9y1-0 gMlFiL jNtybn viewports-enabled-standard-fop__ViewportsEnabledFop-sc-zsokr2-0 eLImeH reg-price" data-visibility-id="7c853e45-a507-4e4b-af1d-bbfa0f910f36" data-test="fop-wrapper:7c853e45-a507-4e4b-af1d-bbfa0f910f36"><div class="base__BreadcrumbHeader-sc-1mnb0pd-0 iFkuNn"></div><div class="box__Box-sc-eqtis8-0 base__BoxCard-sc-1mnb0pd-5 eepUEu kPZdrA pl-classified"><div class="base__Header-sc-1mnb0pd-11 hKanCO"><div class="base__Media-sc-1mnb0pd-12 hfYvmL"><div class="base__ImageTopBar-sc-1mnb0pd-14 htbmfX"><div class="flex__Flex-sc-mmemlz-0 aQbjH"><div class="flex__Flex-sc-nm253f-0 base__ImageTopBarTopRow-sc-1mnb0pd-15 hCtgtf kWTiUu"></div></div></div><a href="https://handlaprivatkund.ica.se/stores/1015001/products/Chokladkaka-Premium-Filled-french-nougat-130g-Marabou/1413186" data-synthetics="bop-link" class="link__Link-sc-14ymsi2-0 dSyqLR base__ImageWrapper-sc-1mnb0pd-23 iEwlm"><img alt="Chokladkaka Premium Filled french nougat 130g Marabou" src="./ica_market_4_files/300x300(38).jpg" title="Chokladkaka Premium Filled french nougat 130g Marabou" class="fop__Image-sc-sgv9y1-2 daCdrp"></a></div></div><div class="flex__Flex-sc-nm253f-0 base__BodyContainer-sc-1mnb0pd-33 hCtgtf ldErvm"><div data-test="fop-body" class="base__Body-sc-1mnb0pd-34 gRNUPx"><h3 class="text__Text-sc-6l1yjp-0 iWlLMY"><a href="https://handlaprivatkund.ica.se/stores/1015001/products/Chokladkaka-Premium-Filled-french-nougat-130g-Marabou/1413186" data-test="fop-product-link" tabindex="-1" class="link__Link-sc-14ymsi2-0 dSyqLR link__Link-sc-14ymsi2-0 base__Title-sc-1mnb0pd-27 base__FixedHeightTitle-sc-1mnb0pd-43 dSyqLR ctGnCh cCRJZx">Chokladkaka Premium Filled french nougat 130g Marabou</a></h3><div data-test="fop-offer"><div class="base__OfferContainer-sc-1mnb0pd-39 fop__OfferContainer-sc-sgv9y1-9 gWPOHe Uumoi"></div></div><div data-test="fop-size"><div class="base__Size-sc-1mnb0pd-37 fop__SizeContainer-sc-sgv9y1-3 fwBToe fHyhGh"><span class="text__Text-sc-6l1yjp-0 base__SizeText-sc-1mnb0pd-38 fop__SizeText-sc-sgv9y1-4 bhymDA iImbUZ jrvLpU">0.13kg</span><span class="text__Text-sc-6l1yjp-0 standard-promotion__PromotionIntentText-sc-1vpsrpe-2 fop__PricePerText-sc-sgv9y1-5 dLNLFE kxmtvg eNYENy">(268,85&nbsp;kr/kg)</span></div></div><div data-test="fop-price-wrapper" class="base__PriceWrapper-sc-1mnb0pd-28 dDLLyP"><strong data-test="fop-price" class="base__Price-sc-1mnb0pd-29 sc-ksdxAp gsTqdV jgzQed">34,95&nbsp;kr</strong></div></div><div class="base__Footer-sc-1mnb0pd-35 OzclY"><div class="spacing__Spacing-sc-ngu0v9-0 jGPXUg"><span aria-live="polite" aria-relevant="text" class="text__Text-sc-6l1yjp-0 cYotRp">Du har 0 av den hÃ¤r varan i kundvagnen</span><div data-synthetics="product-id:7c853e45-a507-4e4b-af1d-bbfa0f910f36" data-test="fop-counter" class="counter__Container-sc-6up7sl-0 dhaHDi counter__StyledCounter-sc-gr2i7v-0 gwtRzC"><button type="button" data-synthetics="add-button" data-test="counter-button" aria-label="LÃ¤gg till Chokladkaka Premium Filled french nougat 130g Marabou i kundvagn" class="base-button__BaseButton-sc-1gkygj5-0 counter__Operator-sc-6up7sl-3 hdBVDE fUBxOO counter__StyledCounter-sc-gr2i7v-0 gwtRzC">LÃ¤gg till</button></div></div></div></div></div></div><div class="base__Wrapper-sc-1mnb0pd-6 base__FixedHeightWrapper-sc-1mnb0pd-41 fop__FixedHeightWrapper-sc-sgv9y1-0 gMlFiL jNtybn viewports-enabled-standard-fop__ViewportsEnabledFop-sc-zsokr2-0 eLImeH reg-price" data-visibility-id="5ff86d78-09ba-40c7-b156-31ef68603dab" data-test="fop-wrapper:5ff86d78-09ba-40c7-b156-31ef68603dab"><div class="base__BreadcrumbHeader-sc-1mnb0pd-0 iFkuNn"></div><div class="box__Box-sc-eqtis8-0 base__BoxCard-sc-1mnb0pd-5 eepUEu kPZdrA pl-classified"><div class="base__Header-sc-1mnb0pd-11 hKanCO"><div class="base__Media-sc-1mnb0pd-12 hfYvmL"><div class="base__ImageTopBar-sc-1mnb0pd-14 htbmfX"><div class="flex__Flex-sc-mmemlz-0 aQbjH"><div class="flex__Flex-sc-nm253f-0 base__ImageTopBarTopRow-sc-1mnb0pd-15 hCtgtf kWTiUu"></div></div></div><a href="https://handlaprivatkund.ica.se/stores/1015001/products/Creation-Pure-Chocolate-150g-Lindt/2011449" data-synthetics="bop-link" class="link__Link-sc-14ymsi2-0 dSyqLR base__ImageWrapper-sc-1mnb0pd-23 iEwlm"><img alt="Creation Pure Chocolate 150g Lindt" src="./ica_market_4_files/300x300(39).jpg" title="Creation Pure Chocolate 150g Lindt" class="fop__Image-sc-sgv9y1-2 daCdrp"></a></div></div><div class="flex__Flex-sc-nm253f-0 base__BodyContainer-sc-1mnb0pd-33 hCtgtf ldErvm"><div data-test="fop-body" class="base__Body-sc-1mnb0pd-34 gRNUPx"><h3 class="text__Text-sc-6l1yjp-0 iWlLMY"><a href="https://handlaprivatkund.ica.se/stores/1015001/products/Creation-Pure-Chocolate-150g-Lindt/2011449" data-test="fop-product-link" tabindex="-1" class="link__Link-sc-14ymsi2-0 dSyqLR link__Link-sc-14ymsi2-0 base__Title-sc-1mnb0pd-27 base__FixedHeightTitle-sc-1mnb0pd-43 dSyqLR ctGnCh cCRJZx">Creation Pure Chocolate 150g Lindt</a></h3><div data-test="fop-offer"><div class="base__OfferContainer-sc-1mnb0pd-39 fop__OfferContainer-sc-sgv9y1-9 gWPOHe Uumoi"></div></div><div data-test="fop-size"><div class="base__Size-sc-1mnb0pd-37 fop__SizeContainer-sc-sgv9y1-3 fwBToe fHyhGh"><span class="text__Text-sc-6l1yjp-0 base__SizeText-sc-1mnb0pd-38 fop__SizeText-sc-sgv9y1-4 bhymDA iImbUZ jrvLpU">0.15kg</span><span class="text__Text-sc-6l1yjp-0 standard-promotion__PromotionIntentText-sc-1vpsrpe-2 fop__PricePerText-sc-sgv9y1-5 dLNLFE kxmtvg eNYENy">(259,67&nbsp;kr/kg)</span></div></div><div data-test="fop-price-wrapper" class="base__PriceWrapper-sc-1mnb0pd-28 dDLLyP"><strong data-test="fop-price" class="base__Price-sc-1mnb0pd-29 sc-ksdxAp gsTqdV jgzQed">38,95&nbsp;kr</strong></div></div><div class="base__Footer-sc-1mnb0pd-35 OzclY"><div class="spacing__Spacing-sc-ngu0v9-0 jGPXUg"><span aria-live="polite" aria-relevant="text" class="text__Text-sc-6l1yjp-0 cYotRp">Du har 0 av den hÃ¤r varan i kundvagnen</span><div data-synthetics="product-id:5ff86d78-09ba-40c7-b156-31ef68603dab" data-test="fop-counter" class="counter__Container-sc-6up7sl-0 dhaHDi counter__StyledCounter-sc-gr2i7v-0 gwtRzC"><button type="button" data-synthetics="add-button" data-test="counter-button" aria-label="LÃ¤gg till Creation Pure Chocolate 150g Lindt i kundvagn" class="base-button__BaseButton-sc-1gkygj5-0 counter__Operator-sc-6up7sl-3 hdBVDE fUBxOO counter__StyledCounter-sc-gr2i7v-0 gwtRzC">LÃ¤gg till</button></div></div></div></div></div></div><div class="base__Wrapper-sc-1mnb0pd-6 base__FixedHeightWrapper-sc-1mnb0pd-41 fop__FixedHeightWrapper-sc-sgv9y1-0 gMlFiL jNtybn viewports-enabled-standard-fop__ViewportsEnabledFop-sc-zsokr2-0 eLImeH reg-price" data-visibility-id="2b78adbe-bd99-4065-a135-b84e9e41fbec" data-test="fop-wrapper:2b78adbe-bd99-4065-a135-b84e9e41fbec"><div class="base__BreadcrumbHeader-sc-1mnb0pd-0 iFkuNn"></div><div class="box__Box-sc-eqtis8-0 base__BoxCard-sc-1mnb0pd-5 eepUEu kPZdrA pl-classified"><div class="base__Header-sc-1mnb0pd-11 hKanCO"><div class="base__Media-sc-1mnb0pd-12 hfYvmL"><div class="base__ImageTopBar-sc-1mnb0pd-14 htbmfX"><div class="flex__Flex-sc-mmemlz-0 aQbjH"><div class="flex__Flex-sc-nm253f-0 base__ImageTopBarTopRow-sc-1mnb0pd-15 hCtgtf kWTiUu"></div></div></div><a href="https://handlaprivatkund.ica.se/stores/1015001/products/Chokladkaka-Rocher-White-90g-Ferrero/2117691" data-synthetics="bop-link" class="link__Link-sc-14ymsi2-0 dSyqLR base__ImageWrapper-sc-1mnb0pd-23 iEwlm"><img alt="Chokladkaka Rocher White 90g Ferrero" src="./ica_market_4_files/300x300(40).jpg" title="Chokladkaka Rocher White 90g Ferrero" class="fop__Image-sc-sgv9y1-2 daCdrp"></a></div></div><div class="flex__Flex-sc-nm253f-0 base__BodyContainer-sc-1mnb0pd-33 hCtgtf ldErvm"><div data-test="fop-body" class="base__Body-sc-1mnb0pd-34 gRNUPx"><h3 class="text__Text-sc-6l1yjp-0 iWlLMY"><a href="https://handlaprivatkund.ica.se/stores/1015001/products/Chokladkaka-Rocher-White-90g-Ferrero/2117691" data-test="fop-product-link" tabindex="-1" class="link__Link-sc-14ymsi2-0 dSyqLR link__Link-sc-14ymsi2-0 base__Title-sc-1mnb0pd-27 base__FixedHeightTitle-sc-1mnb0pd-43 dSyqLR ctGnCh cCRJZx">Chokladkaka Rocher White 90g Ferrero</a></h3><div data-test="fop-offer"><div class="base__OfferContainer-sc-1mnb0pd-39 fop__OfferContainer-sc-sgv9y1-9 gWPOHe Uumoi"></div></div><div data-test="fop-size"><div class="base__Size-sc-1mnb0pd-37 fop__SizeContainer-sc-sgv9y1-3 fwBToe fHyhGh"><span class="text__Text-sc-6l1yjp-0 base__SizeText-sc-1mnb0pd-38 fop__SizeText-sc-sgv9y1-4 bhymDA iImbUZ jrvLpU">0.09kg</span><span class="text__Text-sc-6l1yjp-0 standard-promotion__PromotionIntentText-sc-1vpsrpe-2 fop__PricePerText-sc-sgv9y1-5 dLNLFE kxmtvg eNYENy">(299,44&nbsp;kr/kg)</span></div></div><div data-test="fop-price-wrapper" class="base__PriceWrapper-sc-1mnb0pd-28 dDLLyP"><strong data-test="fop-price" class="base__Price-sc-1mnb0pd-29 sc-ksdxAp gsTqdV jgzQed">26,95&nbsp;kr</strong></div></div><div class="base__Footer-sc-1mnb0pd-35 OzclY"><div class="spacing__Spacing-sc-ngu0v9-0 jGPXUg"><span aria-live="polite" aria-relevant="text" class="text__Text-sc-6l1yjp-0 cYotRp">Du har 0 av den hÃ¤r varan i kundvagnen</span><div data-synthetics="product-id:2b78adbe-bd99-4065-a135-b84e9e41fbec" data-test="fop-counter" class="counter__Container-sc-6up7sl-0 dhaHDi counter__StyledCounter-sc-gr2i7v-0 gwtRzC"><button type="button" data-synthetics="add-button" data-test="counter-button" aria-label="LÃ¤gg till Chokladkaka Rocher White 90g Ferrero i kundvagn" class="base-button__BaseButton-sc-1gkygj5-0 counter__Operator-sc-6up7sl-3 hdBVDE fUBxOO counter__StyledCounter-sc-gr2i7v-0 gwtRzC">LÃ¤gg till</button></div></div></div></div></div></div><div class="base__Wrapper-sc-1mnb0pd-6 base__FixedHeightWrapper-sc-1mnb0pd-41 fop__FixedHeightWrapper-sc-sgv9y1-0 gMlFiL jNtybn viewports-enabled-standard-fop__ViewportsEnabledFop-sc-zsokr2-0 eLImeH reg-price" data-visibility-id="f66d1ab4-a1c6-4b6a-865e-54b16cc2259c" data-test="fop-wrapper:f66d1ab4-a1c6-4b6a-865e-54b16cc2259c"><div class="base__BreadcrumbHeader-sc-1mnb0pd-0 iFkuNn"></div><div class="box__Box-sc-eqtis8-0 base__BoxCard-sc-1mnb0pd-5 eepUEu kPZdrA pl-classified"><div class="base__Header-sc-1mnb0pd-11 hKanCO"><div class="base__Media-sc-1mnb0pd-12 hfYvmL"><div class="base__ImageTopBar-sc-1mnb0pd-14 htbmfX"><div class="flex__Flex-sc-mmemlz-0 aQbjH"><div class="flex__Flex-sc-nm253f-0 base__ImageTopBarTopRow-sc-1mnb0pd-15 hCtgtf kWTiUu"></div></div></div><a href="https://handlaprivatkund.ica.se/stores/1015001/products/Choklad-Selection-230g-Anthon-Berg/2084475" data-synthetics="bop-link" class="link__Link-sc-14ymsi2-0 dSyqLR base__ImageWrapper-sc-1mnb0pd-23 iEwlm"><img alt="Choklad Selection 230g Anthon Berg" src="./ica_market_4_files/300x300(41).jpg" title="Choklad Selection 230g Anthon Berg" class="fop__Image-sc-sgv9y1-2 daCdrp"></a></div></div><div class="flex__Flex-sc-nm253f-0 base__BodyContainer-sc-1mnb0pd-33 hCtgtf ldErvm"><div data-test="fop-body" class="base__Body-sc-1mnb0pd-34 gRNUPx"><h3 class="text__Text-sc-6l1yjp-0 iWlLMY"><a href="https://handlaprivatkund.ica.se/stores/1015001/products/Choklad-Selection-230g-Anthon-Berg/2084475" data-test="fop-product-link" tabindex="-1" class="link__Link-sc-14ymsi2-0 dSyqLR link__Link-sc-14ymsi2-0 base__Title-sc-1mnb0pd-27 base__FixedHeightTitle-sc-1mnb0pd-43 dSyqLR ctGnCh cCRJZx">Choklad Selection 230g Anthon Berg</a></h3><div data-test="fop-offer"><div class="base__OfferContainer-sc-1mnb0pd-39 fop__OfferContainer-sc-sgv9y1-9 gWPOHe Uumoi"></div></div><div data-test="fop-size"><div class="base__Size-sc-1mnb0pd-37 fop__SizeContainer-sc-sgv9y1-3 fwBToe fHyhGh"><span class="text__Text-sc-6l1yjp-0 base__SizeText-sc-1mnb0pd-38 fop__SizeText-sc-sgv9y1-4 bhymDA iImbUZ jrvLpU">0.23kg</span><span class="text__Text-sc-6l1yjp-0 standard-promotion__PromotionIntentText-sc-1vpsrpe-2 fop__PricePerText-sc-sgv9y1-5 dLNLFE kxmtvg eNYENy">(260,65&nbsp;kr/kg)</span></div></div><div data-test="fop-price-wrapper" class="base__PriceWrapper-sc-1mnb0pd-28 dDLLyP"><strong data-test="fop-price" class="base__Price-sc-1mnb0pd-29 sc-ksdxAp gsTqdV jgzQed">59,95&nbsp;kr</strong></div></div><div class="base__Footer-sc-1mnb0pd-35 OzclY"><div class="spacing__Spacing-sc-ngu0v9-0 jGPXUg"><span aria-live="polite" aria-relevant="text" class="text__Text-sc-6l1yjp-0 cYotRp">Du har 0 av den hÃ¤r varan i kundvagnen</span><div data-synthetics="product-id:f66d1ab4-a1c6-4b6a-865e-54b16cc2259c" data-test="fop-counter" class="counter__Container-sc-6up7sl-0 dhaHDi counter__StyledCounter-sc-gr2i7v-0 gwtRzC"><button type="button" data-synthetics="add-button" data-test="counter-button" aria-label="LÃ¤gg till Choklad Selection 230g Anthon Berg i kundvagn" class="base-button__BaseButton-sc-1gkygj5-0 counter__Operator-sc-6up7sl-3 hdBVDE fUBxOO counter__StyledCounter-sc-gr2i7v-0 gwtRzC">LÃ¤gg till</button></div></div></div></div></div></div><div class="base__Wrapper-sc-1mnb0pd-6 base__FixedHeightWrapper-sc-1mnb0pd-41 fop__FixedHeightWrapper-sc-sgv9y1-0 gMlFiL jNtybn viewports-enabled-standard-fop__ViewportsEnabledFop-sc-zsokr2-0 eLImeH reg-price" data-visibility-id="b2b7ee35-15f6-4581-87bc-0cb684f68cc9" data-test="fop-wrapper:b2b7ee35-15f6-4581-87bc-0cb684f68cc9"><div class="base__BreadcrumbHeader-sc-1mnb0pd-0 iFkuNn"></div><div class="box__Box-sc-eqtis8-0 base__BoxCard-sc-1mnb0pd-5 eepUEu kPZdrA pl-classified"><div class="base__Header-sc-1mnb0pd-11 hKanCO"><div class="base__Media-sc-1mnb0pd-12 hfYvmL"><div class="base__ImageTopBar-sc-1mnb0pd-14 htbmfX"><div class="flex__Flex-sc-mmemlz-0 aQbjH"><div class="flex__Flex-sc-nm253f-0 base__ImageTopBarTopRow-sc-1mnb0pd-15 hCtgtf kWTiUu"></div></div></div><a href="https://handlaprivatkund.ica.se/stores/1015001/products/Daim-28g-Marabou/1004537" data-synthetics="bop-link" class="link__Link-sc-14ymsi2-0 dSyqLR base__ImageWrapper-sc-1mnb0pd-23 iEwlm"><img alt="Daim 28g Marabou" src="./ica_market_4_files/300x300(42).jpg" title="Daim 28g Marabou" class="fop__Image-sc-sgv9y1-2 daCdrp"></a></div></div><div class="flex__Flex-sc-nm253f-0 base__BodyContainer-sc-1mnb0pd-33 hCtgtf ldErvm"><div data-test="fop-body" class="base__Body-sc-1mnb0pd-34 gRNUPx"><h3 class="text__Text-sc-6l1yjp-0 iWlLMY"><a href="https://handlaprivatkund.ica.se/stores/1015001/products/Daim-28g-Marabou/1004537" data-test="fop-product-link" tabindex="-1" class="link__Link-sc-14ymsi2-0 dSyqLR link__Link-sc-14ymsi2-0 base__Title-sc-1mnb0pd-27 base__FixedHeightTitle-sc-1mnb0pd-43 dSyqLR ctGnCh cCRJZx">Daim 28g Marabou</a></h3><div data-test="fop-offer"><div class="base__OfferContainer-sc-1mnb0pd-39 fop__OfferContainer-sc-sgv9y1-9 gWPOHe Uumoi"></div></div><div data-test="fop-size"><div class="base__Size-sc-1mnb0pd-37 fop__SizeContainer-sc-sgv9y1-3 fwBToe fHyhGh"><span class="text__Text-sc-6l1yjp-0 base__SizeText-sc-1mnb0pd-38 fop__SizeText-sc-sgv9y1-4 bhymDA iImbUZ jrvLpU">0.028kg</span><span class="text__Text-sc-6l1yjp-0 standard-promotion__PromotionIntentText-sc-1vpsrpe-2 fop__PricePerText-sc-sgv9y1-5 dLNLFE kxmtvg eNYENy">(248,21&nbsp;kr/kg)</span></div></div><div data-test="fop-price-wrapper" class="base__PriceWrapper-sc-1mnb0pd-28 dDLLyP"><strong data-test="fop-price" class="base__Price-sc-1mnb0pd-29 sc-ksdxAp gsTqdV jgzQed">6,95&nbsp;kr</strong></div></div><div class="base__Footer-sc-1mnb0pd-35 OzclY"><div class="spacing__Spacing-sc-ngu0v9-0 jGPXUg"><span aria-live="polite" aria-relevant="text" class="text__Text-sc-6l1yjp-0 cYotRp">Du har 0 av den hÃ¤r varan i kundvagnen</span><div data-synthetics="product-id:b2b7ee35-15f6-4581-87bc-0cb684f68cc9" data-test="fop-counter" class="counter__Container-sc-6up7sl-0 dhaHDi counter__StyledCounter-sc-gr2i7v-0 gwtRzC"><button type="button" data-synthetics="add-button" data-test="counter-button" aria-label="LÃ¤gg till Daim 28g Marabou i kundvagn" class="base-button__BaseButton-sc-1gkygj5-0 counter__Operator-sc-6up7sl-3 hdBVDE fUBxOO counter__StyledCounter-sc-gr2i7v-0 gwtRzC">LÃ¤gg till</button></div></div></div></div></div></div><div class="base__Wrapper-sc-1mnb0pd-6 base__FixedHeightWrapper-sc-1mnb0pd-41 fop__FixedHeightWrapper-sc-sgv9y1-0 gMlFiL jNtybn viewports-enabled-standard-fop__ViewportsEnabledFop-sc-zsokr2-0 eLImeH reg-price" data-visibility-id="31d15da5-0b2f-4b68-b0da-5c5915812ce7" data-test="fop-wrapper:31d15da5-0b2f-4b68-b0da-5c5915812ce7"><div class="base__BreadcrumbHeader-sc-1mnb0pd-0 iFkuNn"></div><div class="box__Box-sc-eqtis8-0 base__BoxCard-sc-1mnb0pd-5 eepUEu kPZdrA pl-classified"><div class="base__Header-sc-1mnb0pd-11 hKanCO"><div class="base__Media-sc-1mnb0pd-12 hfYvmL"><div class="base__ImageTopBar-sc-1mnb0pd-14 htbmfX"><div class="flex__Flex-sc-mmemlz-0 aQbjH"><div class="flex__Flex-sc-nm253f-0 base__ImageTopBarTopRow-sc-1mnb0pd-15 hCtgtf kWTiUu"></div></div></div><a href="https://handlaprivatkund.ica.se/stores/1015001/products/Dumle-St%C3%A5ng-20g-Fazer/2084251" data-synthetics="bop-link" class="link__Link-sc-14ymsi2-0 dSyqLR base__ImageWrapper-sc-1mnb0pd-23 iEwlm"><img alt="Dumle StÃ¥ng 20g Fazer" src="./ica_market_4_files/300x300(43).jpg" title="Dumle StÃ¥ng 20g Fazer" class="fop__Image-sc-sgv9y1-2 daCdrp"></a></div></div><div class="flex__Flex-sc-nm253f-0 base__BodyContainer-sc-1mnb0pd-33 hCtgtf ldErvm"><div data-test="fop-body" class="base__Body-sc-1mnb0pd-34 gRNUPx"><h3 class="text__Text-sc-6l1yjp-0 iWlLMY"><a href="https://handlaprivatkund.ica.se/stores/1015001/products/Dumle-St%C3%A5ng-20g-Fazer/2084251" data-test="fop-product-link" tabindex="-1" class="link__Link-sc-14ymsi2-0 dSyqLR link__Link-sc-14ymsi2-0 base__Title-sc-1mnb0pd-27 base__FixedHeightTitle-sc-1mnb0pd-43 dSyqLR ctGnCh cCRJZx">Dumle StÃ¥ng 20g Fazer</a></h3><div data-test="fop-offer"><div class="base__OfferContainer-sc-1mnb0pd-39 fop__OfferContainer-sc-sgv9y1-9 gWPOHe Uumoi"></div></div><div data-test="fop-size"><div class="base__Size-sc-1mnb0pd-37 fop__SizeContainer-sc-sgv9y1-3 fwBToe fHyhGh"><span class="text__Text-sc-6l1yjp-0 base__SizeText-sc-1mnb0pd-38 fop__SizeText-sc-sgv9y1-4 bhymDA iImbUZ jrvLpU">0.02kg</span><span class="text__Text-sc-6l1yjp-0 standard-promotion__PromotionIntentText-sc-1vpsrpe-2 fop__PricePerText-sc-sgv9y1-5 dLNLFE kxmtvg eNYENy">(250,00&nbsp;kr/kg)</span></div></div><div data-test="fop-price-wrapper" class="base__PriceWrapper-sc-1mnb0pd-28 dDLLyP"><strong data-test="fop-price" class="base__Price-sc-1mnb0pd-29 sc-ksdxAp gsTqdV jgzQed">5,00&nbsp;kr</strong></div></div><div class="base__Footer-sc-1mnb0pd-35 OzclY"><div class="spacing__Spacing-sc-ngu0v9-0 jGPXUg"><span aria-live="polite" aria-relevant="text" class="text__Text-sc-6l1yjp-0 cYotRp">Du har 0 av den hÃ¤r varan i kundvagnen</span><div data-synthetics="product-id:31d15da5-0b2f-4b68-b0da-5c5915812ce7" data-test="fop-counter" class="counter__Container-sc-6up7sl-0 dhaHDi counter__StyledCounter-sc-gr2i7v-0 gwtRzC"><button type="button" data-synthetics="add-button" data-test="counter-button" aria-label="LÃ¤gg till Dumle StÃ¥ng 20g Fazer i kundvagn" class="base-button__BaseButton-sc-1gkygj5-0 counter__Operator-sc-6up7sl-3 hdBVDE fUBxOO counter__StyledCounter-sc-gr2i7v-0 gwtRzC">LÃ¤gg till</button></div></div></div></div></div></div><div class="base__Wrapper-sc-1mnb0pd-6 base__FixedHeightWrapper-sc-1mnb0pd-41 fop__FixedHeightWrapper-sc-sgv9y1-0 gMlFiL jNtybn viewports-enabled-standard-fop__ViewportsEnabledFop-sc-zsokr2-0 eLImeH reg-price" data-visibility-id="a6eaca46-b50a-4b85-a4bd-80952d4ea38a" data-test="fop-wrapper:a6eaca46-b50a-4b85-a4bd-80952d4ea38a"><div class="base__BreadcrumbHeader-sc-1mnb0pd-0 iFkuNn"></div><div class="box__Box-sc-eqtis8-0 base__BoxCard-sc-1mnb0pd-5 eepUEu kPZdrA pl-classified"><div class="base__Header-sc-1mnb0pd-11 hKanCO"><div class="base__Media-sc-1mnb0pd-12 hfYvmL"><div class="base__ImageTopBar-sc-1mnb0pd-14 htbmfX"><div class="flex__Flex-sc-mmemlz-0 aQbjH"><div class="flex__Flex-sc-nm253f-0 base__ImageTopBarTopRow-sc-1mnb0pd-15 hCtgtf kWTiUu"></div></div></div><div class="base__ImageBottomBar-sc-1mnb0pd-22 fnUTQB"><div class="base__ProductAttributes-sc-1mnb0pd-25 bKorYI"><span title="Laktosfritt" data-test="lifestyle-icon__laktosfri" class="product-attribute-icon__ProductAttributeIconSvg-sc-40nmqh-0 base__ProductAttribute-sc-1mnb0pd-26 fVwPNQ"><svg><use href="#svg-laktosfri"></use></svg></span></div></div><a href="https://handlaprivatkund.ica.se/stores/1015001/products/Chokladkaka-Oat-Choco-laktosfri-62g-Fazer/2095808" data-synthetics="bop-link" class="link__Link-sc-14ymsi2-0 dSyqLR base__ImageWrapper-sc-1mnb0pd-23 iEwlm"><img alt="Chokladkaka Oat Choco laktosfri 62g Fazer Laktosfritt" src="./ica_market_4_files/300x300(44).jpg" title="Chokladkaka Oat Choco laktosfri 62g Fazer" class="fop__Image-sc-sgv9y1-2 daCdrp"></a></div></div><div class="flex__Flex-sc-nm253f-0 base__BodyContainer-sc-1mnb0pd-33 hCtgtf ldErvm"><div data-test="fop-body" class="base__Body-sc-1mnb0pd-34 gRNUPx"><h3 class="text__Text-sc-6l1yjp-0 iWlLMY"><a href="https://handlaprivatkund.ica.se/stores/1015001/products/Chokladkaka-Oat-Choco-laktosfri-62g-Fazer/2095808" data-test="fop-product-link" tabindex="-1" class="link__Link-sc-14ymsi2-0 dSyqLR link__Link-sc-14ymsi2-0 base__Title-sc-1mnb0pd-27 base__FixedHeightTitle-sc-1mnb0pd-43 dSyqLR ctGnCh cCRJZx">Chokladkaka Oat Choco laktosfri 62g Fazer</a></h3><div data-test="fop-offer"><div class="base__OfferContainer-sc-1mnb0pd-39 fop__OfferContainer-sc-sgv9y1-9 gWPOHe Uumoi"></div></div><div data-test="fop-size"><div class="base__Size-sc-1mnb0pd-37 fop__SizeContainer-sc-sgv9y1-3 fwBToe fHyhGh"><span class="text__Text-sc-6l1yjp-0 base__SizeText-sc-1mnb0pd-38 fop__SizeText-sc-sgv9y1-4 bhymDA iImbUZ jrvLpU">0.062kg</span><span class="text__Text-sc-6l1yjp-0 standard-promotion__PromotionIntentText-sc-1vpsrpe-2 fop__PricePerText-sc-sgv9y1-5 dLNLFE kxmtvg eNYENy">(305,65&nbsp;kr/kg)</span></div></div><div data-test="fop-price-wrapper" class="base__PriceWrapper-sc-1mnb0pd-28 dDLLyP"><strong data-test="fop-price" class="base__Price-sc-1mnb0pd-29 sc-ksdxAp gsTqdV jgzQed">18,95&nbsp;kr</strong></div></div><div class="base__Footer-sc-1mnb0pd-35 OzclY"><div class="spacing__Spacing-sc-ngu0v9-0 jGPXUg"><span aria-live="polite" aria-relevant="text" class="text__Text-sc-6l1yjp-0 cYotRp">Du har 0 av den hÃ¤r varan i kundvagnen</span><div data-synthetics="product-id:a6eaca46-b50a-4b85-a4bd-80952d4ea38a" data-test="fop-counter" class="counter__Container-sc-6up7sl-0 dhaHDi counter__StyledCounter-sc-gr2i7v-0 gwtRzC"><button type="button" data-synthetics="add-button" data-test="counter-button" aria-label="LÃ¤gg till Chokladkaka Oat Choco laktosfri 62g Fazer i kundvagn" class="base-button__BaseButton-sc-1gkygj5-0 counter__Operator-sc-6up7sl-3 hdBVDE fUBxOO counter__StyledCounter-sc-gr2i7v-0 gwtRzC">LÃ¤gg till</button></div></div></div></div></div></div><div class="base__Wrapper-sc-1mnb0pd-6 base__FixedHeightWrapper-sc-1mnb0pd-41 fop__FixedHeightWrapper-sc-sgv9y1-0 gMlFiL jNtybn viewports-enabled-standard-fop__ViewportsEnabledFop-sc-zsokr2-0 eLImeH reg-price" data-visibility-id="56b19349-eaac-4367-a634-4c8b8d7b2562" data-test="fop-wrapper:56b19349-eaac-4367-a634-4c8b8d7b2562"><div class="base__BreadcrumbHeader-sc-1mnb0pd-0 iFkuNn"></div><div class="box__Box-sc-eqtis8-0 base__BoxCard-sc-1mnb0pd-5 eepUEu kPZdrA pl-classified"><div class="base__Header-sc-1mnb0pd-11 hKanCO"><div class="base__Media-sc-1mnb0pd-12 hfYvmL"><div class="base__ImageTopBar-sc-1mnb0pd-14 htbmfX"><div class="flex__Flex-sc-mmemlz-0 aQbjH"><div class="flex__Flex-sc-nm253f-0 base__ImageTopBarTopRow-sc-1mnb0pd-15 hCtgtf kWTiUu"></div></div></div><a href="https://handlaprivatkund.ica.se/stores/1015001/products/Amerikanska-Pastiller-175g-Fazer/2062609" data-synthetics="bop-link" class="link__Link-sc-14ymsi2-0 dSyqLR base__ImageWrapper-sc-1mnb0pd-23 iEwlm"><img alt="Amerikanska Pastiller 175g Fazer" src="./ica_market_4_files/300x300(45).jpg" title="Amerikanska Pastiller 175g Fazer" class="fop__Image-sc-sgv9y1-2 daCdrp"></a></div></div><div class="flex__Flex-sc-nm253f-0 base__BodyContainer-sc-1mnb0pd-33 hCtgtf ldErvm"><div data-test="fop-body" class="base__Body-sc-1mnb0pd-34 gRNUPx"><h3 class="text__Text-sc-6l1yjp-0 iWlLMY"><a href="https://handlaprivatkund.ica.se/stores/1015001/products/Amerikanska-Pastiller-175g-Fazer/2062609" data-test="fop-product-link" tabindex="-1" class="link__Link-sc-14ymsi2-0 dSyqLR link__Link-sc-14ymsi2-0 base__Title-sc-1mnb0pd-27 base__FixedHeightTitle-sc-1mnb0pd-43 dSyqLR ctGnCh cCRJZx">Amerikanska Pastiller 175g Fazer</a></h3><div data-test="fop-offer"><div class="base__OfferContainer-sc-1mnb0pd-39 fop__OfferContainer-sc-sgv9y1-9 gWPOHe Uumoi"></div></div><div data-test="fop-size"><div class="base__Size-sc-1mnb0pd-37 fop__SizeContainer-sc-sgv9y1-3 fwBToe fHyhGh"><span class="text__Text-sc-6l1yjp-0 base__SizeText-sc-1mnb0pd-38 fop__SizeText-sc-sgv9y1-4 bhymDA iImbUZ jrvLpU">0.175kg</span><span class="text__Text-sc-6l1yjp-0 standard-promotion__PromotionIntentText-sc-1vpsrpe-2 fop__PricePerText-sc-sgv9y1-5 dLNLFE kxmtvg eNYENy">(165,43&nbsp;kr/kg)</span></div></div><div data-test="fop-price-wrapper" class="base__PriceWrapper-sc-1mnb0pd-28 dDLLyP"><strong data-test="fop-price" class="base__Price-sc-1mnb0pd-29 sc-ksdxAp gsTqdV jgzQed">28,95&nbsp;kr</strong></div></div><div class="base__Footer-sc-1mnb0pd-35 OzclY"><div class="spacing__Spacing-sc-ngu0v9-0 jGPXUg"><span aria-live="polite" aria-relevant="text" class="text__Text-sc-6l1yjp-0 cYotRp">Du har 0 av den hÃ¤r varan i kundvagnen</span><div data-synthetics="product-id:56b19349-eaac-4367-a634-4c8b8d7b2562" data-test="fop-counter" class="counter__Container-sc-6up7sl-0 dhaHDi counter__StyledCounter-sc-gr2i7v-0 gwtRzC"><button type="button" data-synthetics="add-button" data-test="counter-button" aria-label="LÃ¤gg till Amerikanska Pastiller 175g Fazer i kundvagn" class="base-button__BaseButton-sc-1gkygj5-0 counter__Operator-sc-6up7sl-3 hdBVDE fUBxOO counter__StyledCounter-sc-gr2i7v-0 gwtRzC">LÃ¤gg till</button></div></div></div></div></div></div><div class="base__Wrapper-sc-1mnb0pd-6 base__FixedHeightWrapper-sc-1mnb0pd-41 fop__FixedHeightWrapper-sc-sgv9y1-0 gMlFiL jNtybn viewports-enabled-standard-fop__ViewportsEnabledFop-sc-zsokr2-0 eLImeH reg-price" data-visibility-id="22514a5f-1c38-4fab-ab51-5758d96a15a7" data-test="fop-wrapper:22514a5f-1c38-4fab-ab51-5758d96a15a7"><div class="base__BreadcrumbHeader-sc-1mnb0pd-0 iFkuNn"></div><div class="box__Box-sc-eqtis8-0 base__BoxCard-sc-1mnb0pd-5 eepUEu kPZdrA pl-classified"><div class="base__Header-sc-1mnb0pd-11 hKanCO"><div class="base__Media-sc-1mnb0pd-12 hfYvmL"><div class="base__ImageTopBar-sc-1mnb0pd-14 htbmfX"><div class="flex__Flex-sc-mmemlz-0 aQbjH"><div class="flex__Flex-sc-nm253f-0 base__ImageTopBarTopRow-sc-1mnb0pd-15 hCtgtf kWTiUu"></div></div></div><div class="base__ImageBottomBar-sc-1mnb0pd-22 fnUTQB"><div class="base__ProductAttributes-sc-1mnb0pd-25 bKorYI"><span title="RÃ¤ttvisemÃ¤rkt" data-test="lifestyle-icon__fairtrade" class="product-attribute-icon__ProductAttributeIconSvg-sc-40nmqh-0 base__ProductAttribute-sc-1mnb0pd-26 fVwPNQ"><svg><use href="#svg-fairtrade"></use></svg></span></div></div><a href="https://handlaprivatkund.ica.se/stores/1015001/products/Choklad-Karamell-Ljus-180g-Tony-s-Chocolonely/1520490" data-synthetics="bop-link" class="link__Link-sc-14ymsi2-0 dSyqLR base__ImageWrapper-sc-1mnb0pd-23 iEwlm"><img alt="Choklad Karamell Ljus 180g Tony&#39;s Chocolonely RÃ¤ttvisemÃ¤rkt" src="./ica_market_4_files/300x300(46).jpg" title="Choklad Karamell Ljus 180g Tony&#39;s Chocolonely" class="fop__Image-sc-sgv9y1-2 daCdrp"></a></div></div><div class="flex__Flex-sc-nm253f-0 base__BodyContainer-sc-1mnb0pd-33 hCtgtf ldErvm"><div data-test="fop-body" class="base__Body-sc-1mnb0pd-34 gRNUPx"><h3 class="text__Text-sc-6l1yjp-0 iWlLMY"><a href="https://handlaprivatkund.ica.se/stores/1015001/products/Choklad-Karamell-Ljus-180g-Tony-s-Chocolonely/1520490" data-test="fop-product-link" tabindex="-1" class="link__Link-sc-14ymsi2-0 dSyqLR link__Link-sc-14ymsi2-0 base__Title-sc-1mnb0pd-27 base__FixedHeightTitle-sc-1mnb0pd-43 dSyqLR ctGnCh cCRJZx">Choklad Karamell Ljus 180g Tony's Chocolonely</a></h3><div data-test="fop-offer"><div class="base__OfferContainer-sc-1mnb0pd-39 fop__OfferContainer-sc-sgv9y1-9 gWPOHe Uumoi"></div></div><div data-test="fop-size"><div class="base__Size-sc-1mnb0pd-37 fop__SizeContainer-sc-sgv9y1-3 fwBToe fHyhGh"><span class="text__Text-sc-6l1yjp-0 base__SizeText-sc-1mnb0pd-38 fop__SizeText-sc-sgv9y1-4 bhymDA iImbUZ jrvLpU">0.18kg</span><span class="text__Text-sc-6l1yjp-0 standard-promotion__PromotionIntentText-sc-1vpsrpe-2 fop__PricePerText-sc-sgv9y1-5 dLNLFE kxmtvg eNYENy">(233,06&nbsp;kr/kg)</span></div></div><div data-test="fop-price-wrapper" class="base__PriceWrapper-sc-1mnb0pd-28 dDLLyP"><strong data-test="fop-price" class="base__Price-sc-1mnb0pd-29 sc-ksdxAp gsTqdV jgzQed">41,95&nbsp;kr</strong></div></div><div class="base__Footer-sc-1mnb0pd-35 OzclY"><div class="spacing__Spacing-sc-ngu0v9-0 jGPXUg"><span aria-live="polite" aria-relevant="text" class="text__Text-sc-6l1yjp-0 cYotRp">Du har 0 av den hÃ¤r varan i kundvagnen</span><div data-synthetics="product-id:22514a5f-1c38-4fab-ab51-5758d96a15a7" data-test="fop-counter" class="counter__Container-sc-6up7sl-0 dhaHDi counter__StyledCounter-sc-gr2i7v-0 gwtRzC"><button type="button" data-synthetics="add-button" data-test="counter-button" aria-label="LÃ¤gg till Choklad Karamell Ljus 180g Tony&#39;s Chocolonely i kundvagn" class="base-button__BaseButton-sc-1gkygj5-0 counter__Operator-sc-6up7sl-3 hdBVDE fUBxOO counter__StyledCounter-sc-gr2i7v-0 gwtRzC">LÃ¤gg till</button></div></div></div></div></div></div><div class="base__Wrapper-sc-1mnb0pd-6 base__FixedHeightWrapper-sc-1mnb0pd-41 fop__FixedHeightWrapper-sc-sgv9y1-0 gMlFiL jNtybn viewports-enabled-standard-fop__ViewportsEnabledFop-sc-zsokr2-0 eLImeH reg-price" data-visibility-id="1aa87889-06a9-42ea-9a0f-e37c9cd1a2ac" data-test="fop-wrapper:1aa87889-06a9-42ea-9a0f-e37c9cd1a2ac"><div class="base__BreadcrumbHeader-sc-1mnb0pd-0 iFkuNn"></div><div class="box__Box-sc-eqtis8-0 base__BoxCard-sc-1mnb0pd-5 eepUEu kPZdrA pl-classified"><div class="base__Header-sc-1mnb0pd-11 hKanCO"><div class="base__Media-sc-1mnb0pd-12 hfYvmL"><div class="base__ImageTopBar-sc-1mnb0pd-14 htbmfX"><div class="flex__Flex-sc-mmemlz-0 aQbjH"><div class="flex__Flex-sc-nm253f-0 base__ImageTopBarTopRow-sc-1mnb0pd-15 hCtgtf kWTiUu"></div></div></div><a href="https://handlaprivatkund.ica.se/stores/1015001/products/Chokladkaka-Oreo-320g-Marabou/1514938" data-synthetics="bop-link" class="link__Link-sc-14ymsi2-0 dSyqLR base__ImageWrapper-sc-1mnb0pd-23 iEwlm"><img alt="Chokladkaka Oreo 320g Marabou" src="./ica_market_4_files/300x300(47).jpg" title="Chokladkaka Oreo 320g Marabou" class="fop__Image-sc-sgv9y1-2 daCdrp"></a></div></div><div class="flex__Flex-sc-nm253f-0 base__BodyContainer-sc-1mnb0pd-33 hCtgtf ldErvm"><div data-test="fop-body" class="base__Body-sc-1mnb0pd-34 gRNUPx"><h3 class="text__Text-sc-6l1yjp-0 iWlLMY"><a href="https://handlaprivatkund.ica.se/stores/1015001/products/Chokladkaka-Oreo-320g-Marabou/1514938" data-test="fop-product-link" tabindex="-1" class="link__Link-sc-14ymsi2-0 dSyqLR link__Link-sc-14ymsi2-0 base__Title-sc-1mnb0pd-27 base__FixedHeightTitle-sc-1mnb0pd-43 dSyqLR ctGnCh cCRJZx">Chokladkaka Oreo 320g Marabou</a></h3><div data-test="fop-offer"><div class="base__OfferContainer-sc-1mnb0pd-39 fop__OfferContainer-sc-sgv9y1-9 gWPOHe Uumoi"></div></div><div data-test="fop-size"><div class="base__Size-sc-1mnb0pd-37 fop__SizeContainer-sc-sgv9y1-3 fwBToe fHyhGh"><span class="text__Text-sc-6l1yjp-0 base__SizeText-sc-1mnb0pd-38 fop__SizeText-sc-sgv9y1-4 bhymDA iImbUZ jrvLpU">0.32kg</span><span class="text__Text-sc-6l1yjp-0 standard-promotion__PromotionIntentText-sc-1vpsrpe-2 fop__PricePerText-sc-sgv9y1-5 dLNLFE kxmtvg eNYENy">(124,84&nbsp;kr/kg)</span></div></div><div data-test="fop-price-wrapper" class="base__PriceWrapper-sc-1mnb0pd-28 dDLLyP"><strong data-test="fop-price" class="base__Price-sc-1mnb0pd-29 sc-ksdxAp gsTqdV jgzQed">39,95&nbsp;kr</strong></div></div><div class="base__Footer-sc-1mnb0pd-35 OzclY"><div class="spacing__Spacing-sc-ngu0v9-0 jGPXUg"><span aria-live="polite" aria-relevant="text" class="text__Text-sc-6l1yjp-0 cYotRp">Du har 0 av den hÃ¤r varan i kundvagnen</span><div data-synthetics="product-id:1aa87889-06a9-42ea-9a0f-e37c9cd1a2ac" data-test="fop-counter" class="counter__Container-sc-6up7sl-0 dhaHDi counter__StyledCounter-sc-gr2i7v-0 gwtRzC"><button type="button" data-synthetics="add-button" data-test="counter-button" aria-label="LÃ¤gg till Chokladkaka Oreo 320g Marabou i kundvagn" class="base-button__BaseButton-sc-1gkygj5-0 counter__Operator-sc-6up7sl-3 hdBVDE fUBxOO counter__StyledCounter-sc-gr2i7v-0 gwtRzC">LÃ¤gg till</button></div></div></div></div></div></div><div class="base__Wrapper-sc-1mnb0pd-6 base__FixedHeightWrapper-sc-1mnb0pd-41 fop__FixedHeightWrapper-sc-sgv9y1-0 gMlFiL jNtybn viewports-enabled-standard-fop__ViewportsEnabledFop-sc-zsokr2-0 eLImeH reg-price" data-visibility-id="ac4cc8fc-b493-4d7d-a6b2-3fb46c741aad"><div class="base__Wrapper-sc-1mnb0pd-6 base__FixedHeightWrapper-sc-1mnb0pd-41 base__FixedHeightSkeleton-sc-1mnb0pd-42 fop__FixedHeightSkeleton-sc-sgv9y1-1 gMlFiL jqVEqi jSMxJV reg-price"></div></div><div class="base__Wrapper-sc-1mnb0pd-6 base__FixedHeightWrapper-sc-1mnb0pd-41 fop__FixedHeightWrapper-sc-sgv9y1-0 gMlFiL jNtybn viewports-enabled-standard-fop__ViewportsEnabledFop-sc-zsokr2-0 eLImeH reg-price" data-visibility-id="ffe6e9bf-53be-4c24-9a5b-1c0d7a14aea4"><div class="base__Wrapper-sc-1mnb0pd-6 base__FixedHeightWrapper-sc-1mnb0pd-41 base__FixedHeightSkeleton-sc-1mnb0pd-42 fop__FixedHeightSkeleton-sc-sgv9y1-1 gMlFiL jqVEqi jSMxJV reg-price"></div></div><div class="base__Wrapper-sc-1mnb0pd-6 base__FixedHeightWrapper-sc-1mnb0pd-41 fop__FixedHeightWrapper-sc-sgv9y1-0 gMlFiL jNtybn viewports-enabled-standard-fop__ViewportsEnabledFop-sc-zsokr2-0 eLImeH reg-price" data-visibility-id="9cceff2a-1dff-4393-b822-f1104f3118d3"><div class="base__Wrapper-sc-1mnb0pd-6 base__FixedHeightWrapper-sc-1mnb0pd-41 base__FixedHeightSkeleton-sc-1mnb0pd-42 fop__FixedHeightSkeleton-sc-sgv9y1-1 gMlFiL jqVEqi jSMxJV reg-price"></div></div><div class="base__Wrapper-sc-1mnb0pd-6 base__FixedHeightWrapper-sc-1mnb0pd-41 fop__FixedHeightWrapper-sc-sgv9y1-0 gMlFiL jNtybn viewports-enabled-standard-fop__ViewportsEnabledFop-sc-zsokr2-0 eLImeH reg-price" data-visibility-id="8f0ccbc8-a614-4a84-9e9b-1cb313495809"><div class="base__Wrapper-sc-1mnb0pd-6 base__FixedHeightWrapper-sc-1mnb0pd-41 base__FixedHeightSkeleton-sc-1mnb0pd-42 fop__FixedHeightSkeleton-sc-sgv9y1-1 gMlFiL jqVEqi jSMxJV reg-price"></div></div><div class="base__Wrapper-sc-1mnb0pd-6 base__FixedHeightWrapper-sc-1mnb0pd-41 fop__FixedHeightWrapper-sc-sgv9y1-0 gMlFiL jNtybn viewports-enabled-standard-fop__ViewportsEnabledFop-sc-zsokr2-0 eLImeH reg-price" data-visibility-id="a14b092d-21c9-4fe9-854c-00ae8070fb45"><div class="base__Wrapper-sc-1mnb0pd-6 base__FixedHeightWrapper-sc-1mnb0pd-41 base__FixedHeightSkeleton-sc-1mnb0pd-42 fop__FixedHeightSkeleton-sc-sgv9y1-1 gMlFiL jqVEqi jSMxJV reg-price"></div></div><div class="base__Wrapper-sc-1mnb0pd-6 base__FixedHeightWrapper-sc-1mnb0pd-41 fop__FixedHeightWrapper-sc-sgv9y1-0 gMlFiL jNtybn viewports-enabled-standard-fop__ViewportsEnabledFop-sc-zsokr2-0 eLImeH reg-price" data-visibility-id="c44d0e62-3efb-4be1-ad54-adda61708fae"><div class="base__Wrapper-sc-1mnb0pd-6 base__FixedHeightWrapper-sc-1mnb0pd-41 base__FixedHeightSkeleton-sc-1mnb0pd-42 fop__FixedHeightSkeleton-sc-sgv9y1-1 gMlFiL jqVEqi jSMxJV reg-price"></div></div><div class="base__Wrapper-sc-1mnb0pd-6 base__FixedHeightWrapper-sc-1mnb0pd-41 fop__FixedHeightWrapper-sc-sgv9y1-0 gMlFiL jNtybn viewports-enabled-standard-fop__ViewportsEnabledFop-sc-zsokr2-0 eLImeH reg-price" data-visibility-id="ef38fcb5-ebe9-4b86-8dbe-134d91981f61"><div class="base__Wrapper-sc-1mnb0pd-6 base__FixedHeightWrapper-sc-1mnb0pd-41 base__FixedHeightSkeleton-sc-1mnb0pd-42 fop__FixedHeightSkeleton-sc-sgv9y1-1 gMlFiL jqVEqi jSMxJV reg-price"></div></div><div class="base__Wrapper-sc-1mnb0pd-6 base__FixedHeightWrapper-sc-1mnb0pd-41 fop__FixedHeightWrapper-sc-sgv9y1-0 gMlFiL jNtybn viewports-enabled-standard-fop__ViewportsEnabledFop-sc-zsokr2-0 eLImeH reg-price" data-visibility-id="3f33423b-2a52-45bf-b45c-4de500996874"><div class="base__Wrapper-sc-1mnb0pd-6 base__FixedHeightWrapper-sc-1mnb0pd-41 base__FixedHeightSkeleton-sc-1mnb0pd-42 fop__FixedHeightSkeleton-sc-sgv9y1-1 gMlFiL jqVEqi jSMxJV reg-price"></div></div><div class="base__Wrapper-sc-1mnb0pd-6 base__FixedHeightWrapper-sc-1mnb0pd-41 fop__FixedHeightWrapper-sc-sgv9y1-0 gMlFiL jNtybn viewports-enabled-standard-fop__ViewportsEnabledFop-sc-zsokr2-0 eLImeH reg-price" data-visibility-id="a9847265-dd84-4666-8c82-d45a94119ec6"><div class="base__Wrapper-sc-1mnb0pd-6 base__FixedHeightWrapper-sc-1mnb0pd-41 base__FixedHeightSkeleton-sc-1mnb0pd-42 fop__FixedHeightSkeleton-sc-sgv9y1-1 gMlFiL jqVEqi jSMxJV reg-price"></div></div><div class="base__Wrapper-sc-1mnb0pd-6 base__FixedHeightWrapper-sc-1mnb0pd-41 fop__FixedHeightWrapper-sc-sgv9y1-0 gMlFiL jNtybn viewports-enabled-standard-fop__ViewportsEnabledFop-sc-zsokr2-0 eLImeH reg-price" data-visibility-id="5ae1ddf4-37a0-45c6-b343-caf6332a89f8"><div class="base__Wrapper-sc-1mnb0pd-6 base__FixedHeightWrapper-sc-1mnb0pd-41 base__FixedHeightSkeleton-sc-1mnb0pd-42 fop__FixedHeightSkeleton-sc-sgv9y1-1 gMlFiL jqVEqi jSMxJV reg-price"></div></div><div class="base__Wrapper-sc-1mnb0pd-6 base__FixedHeightWrapper-sc-1mnb0pd-41 fop__FixedHeightWrapper-sc-sgv9y1-0 gMlFiL jNtybn viewports-enabled-standard-fop__ViewportsEnabledFop-sc-zsokr2-0 eLImeH reg-price" data-visibility-id="86f182b9-b381-417c-9afd-a1af82625e4d"><div class="base__Wrapper-sc-1mnb0pd-6 base__FixedHeightWrapper-sc-1mnb0pd-41 base__FixedHeightSkeleton-sc-1mnb0pd-42 fop__FixedHeightSkeleton-sc-sgv9y1-1 gMlFiL jqVEqi jSMxJV reg-price"></div></div><div class="base__Wrapper-sc-1mnb0pd-6 base__FixedHeightWrapper-sc-1mnb0pd-41 fop__FixedHeightWrapper-sc-sgv9y1-0 gMlFiL jNtybn viewports-enabled-standard-fop__ViewportsEnabledFop-sc-zsokr2-0 eLImeH reg-price" data-visibility-id="63ee154f-7681-420f-83d9-9f71622c94cc"><div class="base__Wrapper-sc-1mnb0pd-6 base__FixedHeightWrapper-sc-1mnb0pd-41 base__FixedHeightSkeleton-sc-1mnb0pd-42 fop__FixedHeightSkeleton-sc-sgv9y1-1 gMlFiL jqVEqi jSMxJV reg-price"></div></div><div class="base__Wrapper-sc-1mnb0pd-6 base__FixedHeightWrapper-sc-1mnb0pd-41 fop__FixedHeightWrapper-sc-sgv9y1-0 gMlFiL jNtybn viewports-enabled-standard-fop__ViewportsEnabledFop-sc-zsokr2-0 eLImeH reg-price" data-visibility-id="ada1851a-a299-4aac-9c23-985bb5a6b105"><div class="base__Wrapper-sc-1mnb0pd-6 base__FixedHeightWrapper-sc-1mnb0pd-41 base__FixedHeightSkeleton-sc-1mnb0pd-42 fop__FixedHeightSkeleton-sc-sgv9y1-1 gMlFiL jqVEqi jSMxJV reg-price"></div></div><div class="base__Wrapper-sc-1mnb0pd-6 base__FixedHeightWrapper-sc-1mnb0pd-41 fop__FixedHeightWrapper-sc-sgv9y1-0 gMlFiL jNtybn viewports-enabled-standard-fop__ViewportsEnabledFop-sc-zsokr2-0 eLImeH reg-price" data-visibility-id="515b8c91-d014-49e7-b0a4-f9e84db3522d"><div class="base__Wrapper-sc-1mnb0pd-6 base__FixedHeightWrapper-sc-1mnb0pd-41 base__FixedHeightSkeleton-sc-1mnb0pd-42 fop__FixedHeightSkeleton-sc-sgv9y1-1 gMlFiL jqVEqi jSMxJV reg-price"></div></div><div class="base__Wrapper-sc-1mnb0pd-6 base__FixedHeightWrapper-sc-1mnb0pd-41 fop__FixedHeightWrapper-sc-sgv9y1-0 gMlFiL jNtybn viewports-enabled-standard-fop__ViewportsEnabledFop-sc-zsokr2-0 eLImeH reg-price" data-visibility-id="fd487155-817a-4e9b-b43e-e97eff150576"><div class="base__Wrapper-sc-1mnb0pd-6 base__FixedHeightWrapper-sc-1mnb0pd-41 base__FixedHeightSkeleton-sc-1mnb0pd-42 fop__FixedHeightSkeleton-sc-sgv9y1-1 gMlFiL jqVEqi jSMxJV reg-price"></div></div><div class="base__Wrapper-sc-1mnb0pd-6 base__FixedHeightWrapper-sc-1mnb0pd-41 fop__FixedHeightWrapper-sc-sgv9y1-0 gMlFiL jNtybn viewports-enabled-standard-fop__ViewportsEnabledFop-sc-zsokr2-0 eLImeH reg-price" data-visibility-id="535d4612-11ef-430f-9d48-54037627616a"><div class="base__Wrapper-sc-1mnb0pd-6 base__FixedHeightWrapper-sc-1mnb0pd-41 base__FixedHeightSkeleton-sc-1mnb0pd-42 fop__FixedHeightSkeleton-sc-sgv9y1-1 gMlFiL jqVEqi jSMxJV reg-price"></div></div><div class="base__Wrapper-sc-1mnb0pd-6 base__FixedHeightWrapper-sc-1mnb0pd-41 fop__FixedHeightWrapper-sc-sgv9y1-0 gMlFiL jNtybn viewports-enabled-standard-fop__ViewportsEnabledFop-sc-zsokr2-0 eLImeH reg-price" data-visibility-id="6ecc5c4e-d920-4dd0-a8d4-30982d6bc47b"><div class="base__Wrapper-sc-1mnb0pd-6 base__FixedHeightWrapper-sc-1mnb0pd-41 base__FixedHeightSkeleton-sc-1mnb0pd-42 fop__FixedHeightSkeleton-sc-sgv9y1-1 gMlFiL jqVEqi jSMxJV reg-price"></div></div><div class="base__Wrapper-sc-1mnb0pd-6 base__FixedHeightWrapper-sc-1mnb0pd-41 fop__FixedHeightWrapper-sc-sgv9y1-0 gMlFiL jNtybn viewports-enabled-standard-fop__ViewportsEnabledFop-sc-zsokr2-0 eLImeH reg-price" data-visibility-id="da83c0c4-2dd2-4f29-837f-df6010e7972d"><div class="base__Wrapper-sc-1mnb0pd-6 base__FixedHeightWrapper-sc-1mnb0pd-41 base__FixedHeightSkeleton-sc-1mnb0pd-42 fop__FixedHeightSkeleton-sc-sgv9y1-1 gMlFiL jqVEqi jSMxJV reg-price"></div></div><div class="base__Wrapper-sc-1mnb0pd-6 base__FixedHeightWrapper-sc-1mnb0pd-41 fop__FixedHeightWrapper-sc-sgv9y1-0 gMlFiL jNtybn viewports-enabled-standard-fop__ViewportsEnabledFop-sc-zsokr2-0 eLImeH reg-price" data-visibility-id="3e36eaaf-960e-421a-8799-a92388a0d8b1"><div class="base__Wrapper-sc-1mnb0pd-6 base__FixedHeightWrapper-sc-1mnb0pd-41 base__FixedHeightSkeleton-sc-1mnb0pd-42 fop__FixedHeightSkeleton-sc-sgv9y1-1 gMlFiL jqVEqi jSMxJV reg-price"></div></div><div class="base__Wrapper-sc-1mnb0pd-6 base__FixedHeightWrapper-sc-1mnb0pd-41 fop__FixedHeightWrapper-sc-sgv9y1-0 gMlFiL jNtybn viewports-enabled-standard-fop__ViewportsEnabledFop-sc-zsokr2-0 eLImeH reg-price" data-visibility-id="966b8f92-e45f-46e9-ad3f-c1d45631de03"><div class="base__Wrapper-sc-1mnb0pd-6 base__FixedHeightWrapper-sc-1mnb0pd-41 base__FixedHeightSkeleton-sc-1mnb0pd-42 fop__FixedHeightSkeleton-sc-sgv9y1-1 gMlFiL jqVEqi jSMxJV reg-price"></div></div><div class="base__Wrapper-sc-1mnb0pd-6 base__FixedHeightWrapper-sc-1mnb0pd-41 fop__FixedHeightWrapper-sc-sgv9y1-0 gMlFiL jNtybn viewports-enabled-standard-fop__ViewportsEnabledFop-sc-zsokr2-0 eLImeH reg-price" data-visibility-id="a47b1766-14f0-49ee-9c67-ae1e80a1f242"><div class="base__Wrapper-sc-1mnb0pd-6 base__FixedHeightWrapper-sc-1mnb0pd-41 base__FixedHeightSkeleton-sc-1mnb0pd-42 fop__FixedHeightSkeleton-sc-sgv9y1-1 gMlFiL jqVEqi jSMxJV reg-price"></div></div><div class="base__Wrapper-sc-1mnb0pd-6 base__FixedHeightWrapper-sc-1mnb0pd-41 fop__FixedHeightWrapper-sc-sgv9y1-0 gMlFiL jNtybn viewports-enabled-standard-fop__ViewportsEnabledFop-sc-zsokr2-0 eLImeH reg-price" data-visibility-id="55d803c9-5255-40af-b681-9ba37b0600f8"><div class="base__Wrapper-sc-1mnb0pd-6 base__FixedHeightWrapper-sc-1mnb0pd-41 base__FixedHeightSkeleton-sc-1mnb0pd-42 fop__FixedHeightSkeleton-sc-sgv9y1-1 gMlFiL jqVEqi jSMxJV reg-price"></div></div><div class="base__Wrapper-sc-1mnb0pd-6 base__FixedHeightWrapper-sc-1mnb0pd-41 fop__FixedHeightWrapper-sc-sgv9y1-0 gMlFiL jNtybn viewports-enabled-standard-fop__ViewportsEnabledFop-sc-zsokr2-0 eLImeH reg-price" data-visibility-id="72af066b-c678-401f-9d7a-72e5f9169340"><div class="base__Wrapper-sc-1mnb0pd-6 base__FixedHeightWrapper-sc-1mnb0pd-41 base__FixedHeightSkeleton-sc-1mnb0pd-42 fop__FixedHeightSkeleton-sc-sgv9y1-1 gMlFiL jqVEqi jSMxJV reg-price"></div></div><div class="base__Wrapper-sc-1mnb0pd-6 base__FixedHeightWrapper-sc-1mnb0pd-41 fop__FixedHeightWrapper-sc-sgv9y1-0 gMlFiL jNtybn viewports-enabled-standard-fop__ViewportsEnabledFop-sc-zsokr2-0 eLImeH reg-price" data-visibility-id="9f7a79d6-74d6-4d1f-8a2d-4a7b18f3da4f"><div class="base__Wrapper-sc-1mnb0pd-6 base__FixedHeightWrapper-sc-1mnb0pd-41 base__FixedHeightSkeleton-sc-1mnb0pd-42 fop__FixedHeightSkeleton-sc-sgv9y1-1 gMlFiL jqVEqi jSMxJV reg-price"></div></div><div class="base__Wrapper-sc-1mnb0pd-6 base__FixedHeightWrapper-sc-1mnb0pd-41 fop__FixedHeightWrapper-sc-sgv9y1-0 gMlFiL jNtybn viewports-enabled-standard-fop__ViewportsEnabledFop-sc-zsokr2-0 eLImeH reg-price" data-visibility-id="ac307fcd-9c7a-478c-b0f2-903849836323"><div class="base__Wrapper-sc-1mnb0pd-6 base__FixedHeightWrapper-sc-1mnb0pd-41 base__FixedHeightSkeleton-sc-1mnb0pd-42 fop__FixedHeightSkeleton-sc-sgv9y1-1 gMlFiL jqVEqi jSMxJV reg-price"></div></div><div class="base__Wrapper-sc-1mnb0pd-6 base__FixedHeightWrapper-sc-1mnb0pd-41 fop__FixedHeightWrapper-sc-sgv9y1-0 gMlFiL jNtybn viewports-enabled-standard-fop__ViewportsEnabledFop-sc-zsokr2-0 eLImeH reg-price" data-visibility-id="8f07a4f8-ec05-4264-900a-3612a801fce3"><div class="base__Wrapper-sc-1mnb0pd-6 base__FixedHeightWrapper-sc-1mnb0pd-41 base__FixedHeightSkeleton-sc-1mnb0pd-42 fop__FixedHeightSkeleton-sc-sgv9y1-1 gMlFiL jqVEqi jSMxJV reg-price"></div></div><div class="base__Wrapper-sc-1mnb0pd-6 base__FixedHeightWrapper-sc-1mnb0pd-41 fop__FixedHeightWrapper-sc-sgv9y1-0 gMlFiL jNtybn viewports-enabled-standard-fop__ViewportsEnabledFop-sc-zsokr2-0 eLImeH reg-price" data-visibility-id="b7958034-8687-4db9-b305-dd106b8393be"><div class="base__Wrapper-sc-1mnb0pd-6 base__FixedHeightWrapper-sc-1mnb0pd-41 base__FixedHeightSkeleton-sc-1mnb0pd-42 fop__FixedHeightSkeleton-sc-sgv9y1-1 gMlFiL jqVEqi jSMxJV reg-price"></div></div><div class="base__Wrapper-sc-1mnb0pd-6 base__FixedHeightWrapper-sc-1mnb0pd-41 fop__FixedHeightWrapper-sc-sgv9y1-0 gMlFiL jNtybn viewports-enabled-standard-fop__ViewportsEnabledFop-sc-zsokr2-0 eLImeH reg-price" data-visibility-id="ba84f850-98cf-4b47-a4bb-2416bd079d87"><div class="base__Wrapper-sc-1mnb0pd-6 base__FixedHeightWrapper-sc-1mnb0pd-41 base__FixedHeightSkeleton-sc-1mnb0pd-42 fop__FixedHeightSkeleton-sc-sgv9y1-1 gMlFiL jqVEqi jSMxJV reg-price"></div></div><div class="base__Wrapper-sc-1mnb0pd-6 base__FixedHeightWrapper-sc-1mnb0pd-41 fop__FixedHeightWrapper-sc-sgv9y1-0 gMlFiL jNtybn viewports-enabled-standard-fop__ViewportsEnabledFop-sc-zsokr2-0 eLImeH reg-price" data-visibility-id="b96d42ae-216c-4070-8bf9-fd5fe7792341"><div class="base__Wrapper-sc-1mnb0pd-6 base__FixedHeightWrapper-sc-1mnb0pd-41 base__FixedHeightSkeleton-sc-1mnb0pd-42 fop__FixedHeightSkeleton-sc-sgv9y1-1 gMlFiL jqVEqi jSMxJV reg-price"></div></div><div class="base__Wrapper-sc-1mnb0pd-6 base__FixedHeightWrapper-sc-1mnb0pd-41 fop__FixedHeightWrapper-sc-sgv9y1-0 gMlFiL jNtybn viewports-enabled-standard-fop__ViewportsEnabledFop-sc-zsokr2-0 eLImeH reg-price" data-visibility-id="500cb2e6-6a36-4d1b-8334-4fea6bfa9dec"><div class="base__Wrapper-sc-1mnb0pd-6 base__FixedHeightWrapper-sc-1mnb0pd-41 base__FixedHeightSkeleton-sc-1mnb0pd-42 fop__FixedHeightSkeleton-sc-sgv9y1-1 gMlFiL jqVEqi jSMxJV reg-price"></div></div><div class="base__Wrapper-sc-1mnb0pd-6 base__FixedHeightWrapper-sc-1mnb0pd-41 fop__FixedHeightWrapper-sc-sgv9y1-0 gMlFiL jNtybn viewports-enabled-standard-fop__ViewportsEnabledFop-sc-zsokr2-0 eLImeH reg-price" data-visibility-id="f79c50b7-69d7-4d0f-834b-15d19714c240"><div class="base__Wrapper-sc-1mnb0pd-6 base__FixedHeightWrapper-sc-1mnb0pd-41 base__FixedHeightSkeleton-sc-1mnb0pd-42 fop__FixedHeightSkeleton-sc-sgv9y1-1 gMlFiL jqVEqi jSMxJV reg-price"></div></div><div class="base__Wrapper-sc-1mnb0pd-6 base__FixedHeightWrapper-sc-1mnb0pd-41 fop__FixedHeightWrapper-sc-sgv9y1-0 gMlFiL jNtybn viewports-enabled-standard-fop__ViewportsEnabledFop-sc-zsokr2-0 eLImeH reg-price" data-visibility-id="bfb1ebc1-d9b9-4452-be08-b4c5427ce8bc"><div class="base__Wrapper-sc-1mnb0pd-6 base__FixedHeightWrapper-sc-1mnb0pd-41 base__FixedHeightSkeleton-sc-1mnb0pd-42 fop__FixedHeightSkeleton-sc-sgv9y1-1 gMlFiL jqVEqi jSMxJV reg-price"></div></div><div class="base__Wrapper-sc-1mnb0pd-6 base__FixedHeightWrapper-sc-1mnb0pd-41 fop__FixedHeightWrapper-sc-sgv9y1-0 gMlFiL jNtybn viewports-enabled-standard-fop__ViewportsEnabledFop-sc-zsokr2-0 eLImeH reg-price" data-visibility-id="48906689-55d2-43d7-b3e1-2e3e053ee961"><div class="base__Wrapper-sc-1mnb0pd-6 base__FixedHeightWrapper-sc-1mnb0pd-41 base__FixedHeightSkeleton-sc-1mnb0pd-42 fop__FixedHeightSkeleton-sc-sgv9y1-1 gMlFiL jqVEqi jSMxJV reg-price"></div></div><div class="base__Wrapper-sc-1mnb0pd-6 base__FixedHeightWrapper-sc-1mnb0pd-41 fop__FixedHeightWrapper-sc-sgv9y1-0 gMlFiL jNtybn viewports-enabled-standard-fop__ViewportsEnabledFop-sc-zsokr2-0 eLImeH reg-price" data-visibility-id="79bfe77e-5a62-4c01-8575-41a74f0e79dc"><div class="base__Wrapper-sc-1mnb0pd-6 base__FixedHeightWrapper-sc-1mnb0pd-41 base__FixedHeightSkeleton-sc-1mnb0pd-42 fop__FixedHeightSkeleton-sc-sgv9y1-1 gMlFiL jqVEqi jSMxJV reg-price"></div></div><div class="base__Wrapper-sc-1mnb0pd-6 base__FixedHeightWrapper-sc-1mnb0pd-41 fop__FixedHeightWrapper-sc-sgv9y1-0 gMlFiL jNtybn viewports-enabled-standard-fop__ViewportsEnabledFop-sc-zsokr2-0 eLImeH reg-price" data-visibility-id="6a85eef0-e1dc-41dd-a01d-c0d01e573a99"><div class="base__Wrapper-sc-1mnb0pd-6 base__FixedHeightWrapper-sc-1mnb0pd-41 base__FixedHeightSkeleton-sc-1mnb0pd-42 fop__FixedHeightSkeleton-sc-sgv9y1-1 gMlFiL jqVEqi jSMxJV reg-price"></div></div><div class="base__Wrapper-sc-1mnb0pd-6 base__FixedHeightWrapper-sc-1mnb0pd-41 fop__FixedHeightWrapper-sc-sgv9y1-0 gMlFiL jNtybn viewports-enabled-standard-fop__ViewportsEnabledFop-sc-zsokr2-0 eLImeH reg-price" data-visibility-id="6660a1c5-9446-45a8-bd5d-bcd103e1e2f2"><div class="base__Wrapper-sc-1mnb0pd-6 base__FixedHeightWrapper-sc-1mnb0pd-41 base__FixedHeightSkeleton-sc-1mnb0pd-42 fop__FixedHeightSkeleton-sc-sgv9y1-1 gMlFiL jqVEqi jSMxJV reg-price"></div></div><div class="base__Wrapper-sc-1mnb0pd-6 base__FixedHeightWrapper-sc-1mnb0pd-41 fop__FixedHeightWrapper-sc-sgv9y1-0 gMlFiL jNtybn viewports-enabled-standard-fop__ViewportsEnabledFop-sc-zsokr2-0 eLImeH reg-price" data-visibility-id="096cc7dd-6927-4d3d-8530-d84be1c243cb"><div class="base__Wrapper-sc-1mnb0pd-6 base__FixedHeightWrapper-sc-1mnb0pd-41 base__FixedHeightSkeleton-sc-1mnb0pd-42 fop__FixedHeightSkeleton-sc-sgv9y1-1 gMlFiL jqVEqi jSMxJV reg-price"></div></div><div class="base__Wrapper-sc-1mnb0pd-6 base__FixedHeightWrapper-sc-1mnb0pd-41 fop__FixedHeightWrapper-sc-sgv9y1-0 gMlFiL jNtybn viewports-enabled-standard-fop__ViewportsEnabledFop-sc-zsokr2-0 eLImeH reg-price" data-visibility-id="ea5747bc-c6ba-4ec0-8bc1-db0e10be1a45"><div class="base__Wrapper-sc-1mnb0pd-6 base__FixedHeightWrapper-sc-1mnb0pd-41 base__FixedHeightSkeleton-sc-1mnb0pd-42 fop__FixedHeightSkeleton-sc-sgv9y1-1 gMlFiL jqVEqi jSMxJV reg-price"></div></div><div class="base__Wrapper-sc-1mnb0pd-6 base__FixedHeightWrapper-sc-1mnb0pd-41 fop__FixedHeightWrapper-sc-sgv9y1-0 gMlFiL jNtybn viewports-enabled-standard-fop__ViewportsEnabledFop-sc-zsokr2-0 eLImeH reg-price" data-visibility-id="56cd13ae-c1cf-4f55-90d9-b94daff60489"><div class="base__Wrapper-sc-1mnb0pd-6 base__FixedHeightWrapper-sc-1mnb0pd-41 base__FixedHeightSkeleton-sc-1mnb0pd-42 fop__FixedHeightSkeleton-sc-sgv9y1-1 gMlFiL jqVEqi jSMxJV reg-price"></div></div><div class="base__Wrapper-sc-1mnb0pd-6 base__FixedHeightWrapper-sc-1mnb0pd-41 fop__FixedHeightWrapper-sc-sgv9y1-0 gMlFiL jNtybn viewports-enabled-standard-fop__ViewportsEnabledFop-sc-zsokr2-0 eLImeH reg-price" data-visibility-id="97ad60c1-8a13-4a2c-bd03-8a710cb325c0"><div class="base__Wrapper-sc-1mnb0pd-6 base__FixedHeightWrapper-sc-1mnb0pd-41 base__FixedHeightSkeleton-sc-1mnb0pd-42 fop__FixedHeightSkeleton-sc-sgv9y1-1 gMlFiL jqVEqi jSMxJV reg-price"></div></div><div class="base__Wrapper-sc-1mnb0pd-6 base__FixedHeightWrapper-sc-1mnb0pd-41 fop__FixedHeightWrapper-sc-sgv9y1-0 gMlFiL jNtybn viewports-enabled-standard-fop__ViewportsEnabledFop-sc-zsokr2-0 eLImeH reg-price" data-visibility-id="034aae90-c587-4812-a473-b071692eb91a"><div class="base__Wrapper-sc-1mnb0pd-6 base__FixedHeightWrapper-sc-1mnb0pd-41 base__FixedHeightSkeleton-sc-1mnb0pd-42 fop__FixedHeightSkeleton-sc-sgv9y1-1 gMlFiL jqVEqi jSMxJV reg-price"></div></div><div class="base__Wrapper-sc-1mnb0pd-6 base__FixedHeightWrapper-sc-1mnb0pd-41 fop__FixedHeightWrapper-sc-sgv9y1-0 gMlFiL jNtybn viewports-enabled-standard-fop__ViewportsEnabledFop-sc-zsokr2-0 eLImeH reg-price" data-visibility-id="63abbfec-d3d2-46b2-9153-dd846a379b22"><div class="base__Wrapper-sc-1mnb0pd-6 base__FixedHeightWrapper-sc-1mnb0pd-41 base__FixedHeightSkeleton-sc-1mnb0pd-42 fop__FixedHeightSkeleton-sc-sgv9y1-1 gMlFiL jqVEqi jSMxJV reg-price"></div></div><div class="base__Wrapper-sc-1mnb0pd-6 base__FixedHeightWrapper-sc-1mnb0pd-41 fop__FixedHeightWrapper-sc-sgv9y1-0 gMlFiL jNtybn viewports-enabled-standard-fop__ViewportsEnabledFop-sc-zsokr2-0 eLImeH reg-price" data-visibility-id="14edd668-2747-42e5-9ade-7a57bbb4d978"><div class="base__Wrapper-sc-1mnb0pd-6 base__FixedHeightWrapper-sc-1mnb0pd-41 base__FixedHeightSkeleton-sc-1mnb0pd-42 fop__FixedHeightSkeleton-sc-sgv9y1-1 gMlFiL jqVEqi jSMxJV reg-price"></div></div><div class="base__Wrapper-sc-1mnb0pd-6 base__FixedHeightWrapper-sc-1mnb0pd-41 fop__FixedHeightWrapper-sc-sgv9y1-0 gMlFiL jNtybn viewports-enabled-standard-fop__ViewportsEnabledFop-sc-zsokr2-0 eLImeH reg-price" data-visibility-id="92b7950d-b6ad-4106-9f5a-b4f7cbe82840"><div class="base__Wrapper-sc-1mnb0pd-6 base__FixedHeightWrapper-sc-1mnb0pd-41 base__FixedHeightSkeleton-sc-1mnb0pd-42 fop__FixedHeightSkeleton-sc-sgv9y1-1 gMlFiL jqVEqi jSMxJV reg-price"></div></div><div class="base__Wrapper-sc-1mnb0pd-6 base__FixedHeightWrapper-sc-1mnb0pd-41 fop__FixedHeightWrapper-sc-sgv9y1-0 gMlFiL jNtybn viewports-enabled-standard-fop__ViewportsEnabledFop-sc-zsokr2-0 eLImeH reg-price" data-visibility-id="37f6abe5-fbc9-41d8-8423-5810642a6536"><div class="base__Wrapper-sc-1mnb0pd-6 base__FixedHeightWrapper-sc-1mnb0pd-41 base__FixedHeightSkeleton-sc-1mnb0pd-42 fop__FixedHeightSkeleton-sc-sgv9y1-1 gMlFiL jqVEqi jSMxJV reg-price"></div></div><div class="base__Wrapper-sc-1mnb0pd-6 base__FixedHeightWrapper-sc-1mnb0pd-41 fop__FixedHeightWrapper-sc-sgv9y1-0 gMlFiL jNtybn viewports-enabled-standard-fop__ViewportsEnabledFop-sc-zsokr2-0 eLImeH reg-price" data-visibility-id="11099525-8811-441f-9eeb-46299b2327cc"><div class="base__Wrapper-sc-1mnb0pd-6 base__FixedHeightWrapper-sc-1mnb0pd-41 base__FixedHeightSkeleton-sc-1mnb0pd-42 fop__FixedHeightSkeleton-sc-sgv9y1-1 gMlFiL jqVEqi jSMxJV reg-price"></div></div><div class="base__Wrapper-sc-1mnb0pd-6 base__FixedHeightWrapper-sc-1mnb0pd-41 fop__FixedHeightWrapper-sc-sgv9y1-0 gMlFiL jNtybn viewports-enabled-standard-fop__ViewportsEnabledFop-sc-zsokr2-0 eLImeH reg-price" data-visibility-id="38e8a16b-5df6-448f-a492-9240a7617499"><div class="base__Wrapper-sc-1mnb0pd-6 base__FixedHeightWrapper-sc-1mnb0pd-41 base__FixedHeightSkeleton-sc-1mnb0pd-42 fop__FixedHeightSkeleton-sc-sgv9y1-1 gMlFiL jqVEqi jSMxJV reg-price"></div></div><div class="base__Wrapper-sc-1mnb0pd-6 base__FixedHeightWrapper-sc-1mnb0pd-41 fop__FixedHeightWrapper-sc-sgv9y1-0 gMlFiL jNtybn viewports-enabled-standard-fop__ViewportsEnabledFop-sc-zsokr2-0 eLImeH reg-price" data-visibility-id="ddcfb160-3f94-430e-b2ee-ba8b14f20c41"><div class="base__Wrapper-sc-1mnb0pd-6 base__FixedHeightWrapper-sc-1mnb0pd-41 base__FixedHeightSkeleton-sc-1mnb0pd-42 fop__FixedHeightSkeleton-sc-sgv9y1-1 gMlFiL jqVEqi jSMxJV reg-price"></div></div><div class="base__Wrapper-sc-1mnb0pd-6 base__FixedHeightWrapper-sc-1mnb0pd-41 fop__FixedHeightWrapper-sc-sgv9y1-0 gMlFiL jNtybn viewports-enabled-standard-fop__ViewportsEnabledFop-sc-zsokr2-0 eLImeH reg-price" data-visibility-id="f774f3ce-a55b-4036-8fba-a88f89e958ff"><div class="base__Wrapper-sc-1mnb0pd-6 base__FixedHeightWrapper-sc-1mnb0pd-41 base__FixedHeightSkeleton-sc-1mnb0pd-42 fop__FixedHeightSkeleton-sc-sgv9y1-1 gMlFiL jqVEqi jSMxJV reg-price"></div></div><div class="base__Wrapper-sc-1mnb0pd-6 base__FixedHeightWrapper-sc-1mnb0pd-41 fop__FixedHeightWrapper-sc-sgv9y1-0 gMlFiL jNtybn viewports-enabled-standard-fop__ViewportsEnabledFop-sc-zsokr2-0 eLImeH reg-price" data-visibility-id="ba62da15-2fcc-4df4-86d3-d8cd800df6b3"><div class="base__Wrapper-sc-1mnb0pd-6 base__FixedHeightWrapper-sc-1mnb0pd-41 base__FixedHeightSkeleton-sc-1mnb0pd-42 fop__FixedHeightSkeleton-sc-sgv9y1-1 gMlFiL jqVEqi jSMxJV reg-price"></div></div><div class="base__Wrapper-sc-1mnb0pd-6 base__FixedHeightWrapper-sc-1mnb0pd-41 fop__FixedHeightWrapper-sc-sgv9y1-0 gMlFiL jNtybn viewports-enabled-standard-fop__ViewportsEnabledFop-sc-zsokr2-0 eLImeH reg-price" data-visibility-id="0a3478a0-b60d-4fd7-ab88-8f21abe224ad"><div class="base__Wrapper-sc-1mnb0pd-6 base__FixedHeightWrapper-sc-1mnb0pd-41 base__FixedHeightSkeleton-sc-1mnb0pd-42 fop__FixedHeightSkeleton-sc-sgv9y1-1 gMlFiL jqVEqi jSMxJV reg-price"></div></div><div class="base__Wrapper-sc-1mnb0pd-6 base__FixedHeightWrapper-sc-1mnb0pd-41 fop__FixedHeightWrapper-sc-sgv9y1-0 gMlFiL jNtybn viewports-enabled-standard-fop__ViewportsEnabledFop-sc-zsokr2-0 eLImeH reg-price" data-visibility-id="46cec1d6-3512-494c-8a33-9082755a4f22"><div class="base__Wrapper-sc-1mnb0pd-6 base__FixedHeightWrapper-sc-1mnb0pd-41 base__FixedHeightSkeleton-sc-1mnb0pd-42 fop__FixedHeightSkeleton-sc-sgv9y1-1 gMlFiL jqVEqi jSMxJV reg-price"></div></div><div class="base__Wrapper-sc-1mnb0pd-6 base__FixedHeightWrapper-sc-1mnb0pd-41 fop__FixedHeightWrapper-sc-sgv9y1-0 gMlFiL jNtybn viewports-enabled-standard-fop__ViewportsEnabledFop-sc-zsokr2-0 eLImeH reg-price" data-visibility-id="f31fc8bc-fade-47ce-93f0-5f8266b13faa"><div class="base__Wrapper-sc-1mnb0pd-6 base__FixedHeightWrapper-sc-1mnb0pd-41 base__FixedHeightSkeleton-sc-1mnb0pd-42 fop__FixedHeightSkeleton-sc-sgv9y1-1 gMlFiL jqVEqi jSMxJV reg-price"></div></div><div class="base__Wrapper-sc-1mnb0pd-6 base__FixedHeightWrapper-sc-1mnb0pd-41 fop__FixedHeightWrapper-sc-sgv9y1-0 gMlFiL jNtybn viewports-enabled-standard-fop__ViewportsEnabledFop-sc-zsokr2-0 eLImeH reg-price" data-visibility-id="7317d740-1b39-41d6-a926-80c4b796acf4"><div class="base__Wrapper-sc-1mnb0pd-6 base__FixedHeightWrapper-sc-1mnb0pd-41 base__FixedHeightSkeleton-sc-1mnb0pd-42 fop__FixedHeightSkeleton-sc-sgv9y1-1 gMlFiL jqVEqi jSMxJV reg-price"></div></div><div class="base__Wrapper-sc-1mnb0pd-6 base__FixedHeightWrapper-sc-1mnb0pd-41 fop__FixedHeightWrapper-sc-sgv9y1-0 gMlFiL jNtybn viewports-enabled-standard-fop__ViewportsEnabledFop-sc-zsokr2-0 eLImeH reg-price" data-visibility-id="e4b7355f-1a9e-4d20-8be6-2a16ef406055"><div class="base__Wrapper-sc-1mnb0pd-6 base__FixedHeightWrapper-sc-1mnb0pd-41 base__FixedHeightSkeleton-sc-1mnb0pd-42 fop__FixedHeightSkeleton-sc-sgv9y1-1 gMlFiL jqVEqi jSMxJV reg-price"></div></div><div class="base__Wrapper-sc-1mnb0pd-6 base__FixedHeightWrapper-sc-1mnb0pd-41 fop__FixedHeightWrapper-sc-sgv9y1-0 gMlFiL jNtybn viewports-enabled-standard-fop__ViewportsEnabledFop-sc-zsokr2-0 eLImeH reg-price" data-visibility-id="d3c4fdfb-4ea8-4acb-8395-5ceb422106c5"><div class="base__Wrapper-sc-1mnb0pd-6 base__FixedHeightWrapper-sc-1mnb0pd-41 base__FixedHeightSkeleton-sc-1mnb0pd-42 fop__FixedHeightSkeleton-sc-sgv9y1-1 gMlFiL jqVEqi jSMxJV reg-price"></div></div><div class="base__Wrapper-sc-1mnb0pd-6 base__FixedHeightWrapper-sc-1mnb0pd-41 fop__FixedHeightWrapper-sc-sgv9y1-0 gMlFiL jNtybn viewports-enabled-standard-fop__ViewportsEnabledFop-sc-zsokr2-0 eLImeH reg-price" data-visibility-id="ee503545-dae8-45bb-a1ca-7342ed537fa6"><div class="base__Wrapper-sc-1mnb0pd-6 base__FixedHeightWrapper-sc-1mnb0pd-41 base__FixedHeightSkeleton-sc-1mnb0pd-42 fop__FixedHeightSkeleton-sc-sgv9y1-1 gMlFiL jqVEqi jSMxJV reg-price"></div></div><div class="base__Wrapper-sc-1mnb0pd-6 base__FixedHeightWrapper-sc-1mnb0pd-41 fop__FixedHeightWrapper-sc-sgv9y1-0 gMlFiL jNtybn viewports-enabled-standard-fop__ViewportsEnabledFop-sc-zsokr2-0 eLImeH reg-price" data-visibility-id="80caf0f1-8bd4-42ce-b78e-00087519f3fb"><div class="base__Wrapper-sc-1mnb0pd-6 base__FixedHeightWrapper-sc-1mnb0pd-41 base__FixedHeightSkeleton-sc-1mnb0pd-42 fop__FixedHeightSkeleton-sc-sgv9y1-1 gMlFiL jqVEqi jSMxJV reg-price"></div></div><div class="base__Wrapper-sc-1mnb0pd-6 base__FixedHeightWrapper-sc-1mnb0pd-41 fop__FixedHeightWrapper-sc-sgv9y1-0 gMlFiL jNtybn viewports-enabled-standard-fop__ViewportsEnabledFop-sc-zsokr2-0 eLImeH reg-price" data-visibility-id="d93f7fa6-2634-4ee2-a8ab-c8c4d2409cf1"><div class="base__Wrapper-sc-1mnb0pd-6 base__FixedHeightWrapper-sc-1mnb0pd-41 base__FixedHeightSkeleton-sc-1mnb0pd-42 fop__FixedHeightSkeleton-sc-sgv9y1-1 gMlFiL jqVEqi jSMxJV reg-price"></div></div><div class="base__Wrapper-sc-1mnb0pd-6 base__FixedHeightWrapper-sc-1mnb0pd-41 fop__FixedHeightWrapper-sc-sgv9y1-0 gMlFiL jNtybn viewports-enabled-standard-fop__ViewportsEnabledFop-sc-zsokr2-0 eLImeH reg-price" data-visibility-id="62d0a369-b47a-4ac0-9bdd-238f54f223eb"><div class="base__Wrapper-sc-1mnb0pd-6 base__FixedHeightWrapper-sc-1mnb0pd-41 base__FixedHeightSkeleton-sc-1mnb0pd-42 fop__FixedHeightSkeleton-sc-sgv9y1-1 gMlFiL jqVEqi jSMxJV reg-price"></div></div><div class="base__Wrapper-sc-1mnb0pd-6 base__FixedHeightWrapper-sc-1mnb0pd-41 fop__FixedHeightWrapper-sc-sgv9y1-0 gMlFiL jNtybn viewports-enabled-standard-fop__ViewportsEnabledFop-sc-zsokr2-0 eLImeH reg-price" data-visibility-id="3a7d64bb-0a0a-4c6d-b57b-31fbba028f9d"><div class="base__Wrapper-sc-1mnb0pd-6 base__FixedHeightWrapper-sc-1mnb0pd-41 base__FixedHeightSkeleton-sc-1mnb0pd-42 fop__FixedHeightSkeleton-sc-sgv9y1-1 gMlFiL jqVEqi jSMxJV reg-price"></div></div><div class="base__Wrapper-sc-1mnb0pd-6 base__FixedHeightWrapper-sc-1mnb0pd-41 fop__FixedHeightWrapper-sc-sgv9y1-0 gMlFiL jNtybn viewports-enabled-standard-fop__ViewportsEnabledFop-sc-zsokr2-0 eLImeH reg-price" data-visibility-id="b61b6eb3-7350-4dab-94fc-a8a0062ef1fd"><div class="base__Wrapper-sc-1mnb0pd-6 base__FixedHeightWrapper-sc-1mnb0pd-41 base__FixedHeightSkeleton-sc-1mnb0pd-42 fop__FixedHeightSkeleton-sc-sgv9y1-1 gMlFiL jqVEqi jSMxJV reg-price"></div></div><div class="base__Wrapper-sc-1mnb0pd-6 base__FixedHeightWrapper-sc-1mnb0pd-41 fop__FixedHeightWrapper-sc-sgv9y1-0 gMlFiL jNtybn viewports-enabled-standard-fop__ViewportsEnabledFop-sc-zsokr2-0 eLImeH reg-price" data-visibility-id="7a4c3645-bd06-42f2-a7b0-43c2e151d19b"><div class="base__Wrapper-sc-1mnb0pd-6 base__FixedHeightWrapper-sc-1mnb0pd-41 base__FixedHeightSkeleton-sc-1mnb0pd-42 fop__FixedHeightSkeleton-sc-sgv9y1-1 gMlFiL jqVEqi jSMxJV reg-price"></div></div><div class="base__Wrapper-sc-1mnb0pd-6 base__FixedHeightWrapper-sc-1mnb0pd-41 fop__FixedHeightWrapper-sc-sgv9y1-0 gMlFiL jNtybn viewports-enabled-standard-fop__ViewportsEnabledFop-sc-zsokr2-0 eLImeH reg-price" data-visibility-id="35c40e73-be0d-4067-9398-a467fdea9bff"><div class="base__Wrapper-sc-1mnb0pd-6 base__FixedHeightWrapper-sc-1mnb0pd-41 base__FixedHeightSkeleton-sc-1mnb0pd-42 fop__FixedHeightSkeleton-sc-sgv9y1-1 gMlFiL jqVEqi jSMxJV reg-price"></div></div><div class="base__Wrapper-sc-1mnb0pd-6 base__FixedHeightWrapper-sc-1mnb0pd-41 fop__FixedHeightWrapper-sc-sgv9y1-0 gMlFiL jNtybn viewports-enabled-standard-fop__ViewportsEnabledFop-sc-zsokr2-0 eLImeH reg-price" data-visibility-id="fad22d79-5791-41a1-b8c5-e25ceaec1db3"><div class="base__Wrapper-sc-1mnb0pd-6 base__FixedHeightWrapper-sc-1mnb0pd-41 base__FixedHeightSkeleton-sc-1mnb0pd-42 fop__FixedHeightSkeleton-sc-sgv9y1-1 gMlFiL jqVEqi jSMxJV reg-price"></div></div><div class="base__Wrapper-sc-1mnb0pd-6 base__FixedHeightWrapper-sc-1mnb0pd-41 fop__FixedHeightWrapper-sc-sgv9y1-0 gMlFiL jNtybn viewports-enabled-standard-fop__ViewportsEnabledFop-sc-zsokr2-0 eLImeH reg-price" data-visibility-id="18e004f2-9ff2-409f-b401-8122ae399f50"><div class="base__Wrapper-sc-1mnb0pd-6 base__FixedHeightWrapper-sc-1mnb0pd-41 base__FixedHeightSkeleton-sc-1mnb0pd-42 fop__FixedHeightSkeleton-sc-sgv9y1-1 gMlFiL jqVEqi jSMxJV reg-price"></div></div><div class="base__Wrapper-sc-1mnb0pd-6 base__FixedHeightWrapper-sc-1mnb0pd-41 fop__FixedHeightWrapper-sc-sgv9y1-0 gMlFiL jNtybn viewports-enabled-standard-fop__ViewportsEnabledFop-sc-zsokr2-0 eLImeH reg-price" data-visibility-id="564baff8-ad16-4269-93cb-5e2ff50104ff"><div class="base__Wrapper-sc-1mnb0pd-6 base__FixedHeightWrapper-sc-1mnb0pd-41 base__FixedHeightSkeleton-sc-1mnb0pd-42 fop__FixedHeightSkeleton-sc-sgv9y1-1 gMlFiL jqVEqi jSMxJV reg-price"></div></div><div class="base__Wrapper-sc-1mnb0pd-6 base__FixedHeightWrapper-sc-1mnb0pd-41 fop__FixedHeightWrapper-sc-sgv9y1-0 gMlFiL jNtybn viewports-enabled-standard-fop__ViewportsEnabledFop-sc-zsokr2-0 eLImeH reg-price" data-visibility-id="c6ea093d-e322-4969-988f-3e4a1b139bb5"><div class="base__Wrapper-sc-1mnb0pd-6 base__FixedHeightWrapper-sc-1mnb0pd-41 base__FixedHeightSkeleton-sc-1mnb0pd-42 fop__FixedHeightSkeleton-sc-sgv9y1-1 gMlFiL jqVEqi jSMxJV reg-price"></div></div><div class="base__Card-sc-1mnb0pd-4 layout__Placeholder-sc-nb1ebc-1 diYiwz gjEHMv"></div><div class="base__Card-sc-1mnb0pd-4 layout__Placeholder-sc-nb1ebc-1 diYiwz gjEHMv"></div><div class="base__Card-sc-1mnb0pd-4 layout__Placeholder-sc-nb1ebc-1 diYiwz gjEHMv"></div><div class="base__Card-sc-1mnb0pd-4 layout__Placeholder-sc-nb1ebc-1 diYiwz gjEHMv"></div><div class="base__Card-sc-1mnb0pd-4 layout__Placeholder-sc-nb1ebc-1 diYiwz gjEHMv"></div><div class="base__Card-sc-1mnb0pd-4 layout__Placeholder-sc-nb1ebc-1 diYiwz gjEHMv"></div><div class="base__Card-sc-1mnb0pd-4 layout__Placeholder-sc-nb1ebc-1 diYiwz gjEHMv"></div></div></div></div></div></div></div></main></div></div><footer id="footer" class="footer__Footer-sc-1ubl5od-0 hqlQKR"><div class="footer__FooterLeading-sc-1ubl5od-1 dMKUhz"><div class="spacing__Spacing-sc-ngu0v9-0 jBNitA"><a href="https://handlaprivatkund.ica.se/stores/1015001/content/kundservice" class="link__Link-sc-14ymsi2-0 dSyqLR base-button__BaseButton-sc-1gkygj5-0 ckoFkc deprecated-button__Styled-sc-8yap2o-0 jSZuai"><span class="button__Content-sc-1ww3hqq-4 jZuqQi"><span class="button__ChildContent-sc-1ww3hqq-7 eieJau">Kontakta oss</span></span></a></div><div class="spacing__Spacing-sc-ngu0v9-0 jBNitA"><a href="https://handlaprivatkund.ica.se/stores/1015001/cookie-policy" role="link" class="link__Link-sc-14ymsi2-0 dSyqLR base-button__BaseButton-sc-1gkygj5-0 ckoFkc deprecated-button__Styled-sc-8yap2o-0 jSZuai"><span class="button__Content-sc-1ww3hqq-4 jZuqQi"><span class="button__ChildContent-sc-1ww3hqq-7 eieJau">Cookiepolicy</span></span></a></div></div><div class="footer__FooterBody-sc-1ubl5od-2 clLeiK"><div class="footer__FooterVisible-sc-1ubl5od-5 cjLakJ"><div class="footer__FooterList-sc-1ubl5od-6 dxmeym"><div class="spacing__Spacing-sc-ngu0v9-0 gkAWEz"><h2 class="heading__Base-sc-1vuwqc7-0-h2 bQGMmM">Kundservice</h2></div><ul class="list__StyledList-sc-bv01u5-1 dSfiQt"><li class="list__ListItem-sc-bv01u5-0 dIXmyB"><a href="https://handlaprivatkund.ica.se/stores/1015001/content/kundservice" class="link__Link-sc-14ymsi2-0 dSyqLR">Vanliga frÃ¥gor &amp; svar</a></li><li class="list__ListItem-sc-bv01u5-0 dIXmyB"><a href="https://handlaprivatkund.ica.se/stores/1015001/content/fragor-om-inloggning-och-losenord" class="link__Link-sc-14ymsi2-0 dSyqLR">Inloggning och lÃ¶senord</a></li><li class="list__ListItem-sc-bv01u5-0 dIXmyB"><a href="https://handlaprivatkund.ica.se/stores/1015001/content/fragor-om-returer-och-reklamation" class="link__Link-sc-14ymsi2-0 dSyqLR">Retur- och reklamationer</a></li><li class="list__ListItem-sc-bv01u5-0 dIXmyB"><a href="https://www.ica.se/handlaonline-kopvillkor/" class="link__Link-sc-14ymsi2-0 dSyqLR">KÃ¶pvillkor</a></li></ul></div><div class="footer__FooterList-sc-1ubl5od-6 dxmeym"><div class="spacing__Spacing-sc-ngu0v9-0 gkAWEz"><h2 class="heading__Base-sc-1vuwqc7-0-h2 bQGMmM">Hur handlar jag?</h2></div><ul class="list__StyledList-sc-bv01u5-1 dSfiQt"><li class="list__ListItem-sc-bv01u5-0 dIXmyB"><a href="https://handlaprivatkund.ica.se/stores/1015001/content/fragor-om-att-handla" class="link__Link-sc-14ymsi2-0 dSyqLR">FrÃ¥gor om att handla</a></li><li class="list__ListItem-sc-bv01u5-0 dIXmyB"><a href="https://handlaprivatkund.ica.se/stores/1015001/content/fragor-om-min-bestallning" class="link__Link-sc-14ymsi2-0 dSyqLR">FrÃ¥gor om min bestÃ¤llning</a></li><li class="list__ListItem-sc-bv01u5-0 dIXmyB"><a href="https://handlaprivatkund.ica.se/stores/1015001/content/fragor-om-leverans" class="link__Link-sc-14ymsi2-0 dSyqLR">LeveransfrÃ¥gor</a></li><li class="list__ListItem-sc-bv01u5-0 dIXmyB"><a href="https://handlaprivatkund.ica.se/stores/1015001/content/fragor-om-sortiment-och-priser" class="link__Link-sc-14ymsi2-0 dSyqLR">Sortiment- och prisfrÃ¥gor</a></li></ul></div><div class="footer__FooterList-sc-1ubl5od-6 dxmeym"><div class="spacing__Spacing-sc-ngu0v9-0 gkAWEz"><h2 class="heading__Base-sc-1vuwqc7-0-h2 bQGMmM">Om oss</h2></div><ul class="list__StyledList-sc-bv01u5-1 dSfiQt"><li class="list__ListItem-sc-bv01u5-0 dIXmyB"><a href="https://handlaprivatkund.ica.se/stores/1015001/content/butiksinfo" class="link__Link-sc-14ymsi2-0 dSyqLR">Butiksinfo</a></li></ul></div><div class="footer__FooterImage-sc-1ubl5od-7 knTjNT"><div class="footer__FooterVisible-sc-1ubl5od-5 EjPKu"><a href="https://www.lakemedelsverket.se/sv/handel-med-lakemedel/Anmalda-e-handlare/#Z00527" class="link__Link-sc-14ymsi2-0 dSyqLR"><span class="text__Text-sc-6l1yjp-0 cYotRp">Klicka fÃ¶r att verifiera att denna webbplats fungerar lagligt.</span><span title="Klicka fÃ¶r att verifiera att denna webbplats fungerar lagligt." aria-hidden="true" class="icon__StyledIcon-sc-1055srg-0 eNjFuK icon__StyledWrappedIcon-sc-1055srg-1 kaFbmS" data-test="icon__mhra"><svg><use href="#svg-mhra"></use></svg></span></a></div></div></div><div class="hidden__StyledHidden-sc-zjhdi2-0 cQYwaN"><div><button type="button" aria-expanded="false" class="accordion__StyledAccordionTitle-sc-1g05yy0-0 kRUIVo">Kundservice<span class="icon__StyledIcon-sc-1055srg-0 kyiaJz icon__StyledWrappedIcon-sc-1055srg-1 accordion__StyledIcon-sc-1g05yy0-1 kaFbmS eMzyiR" data-test="icon__arrow_down"><svg><use href="#svg-arrow_down"></use></svg></span></button><section hidden="" class="accordion__StyledAccordionContent-sc-1g05yy0-2 iuMzuT"><ul class="list__StyledList-sc-bv01u5-1 dSfiQt"><li class="list__ListItem-sc-bv01u5-0 dIXmyB"><a href="https://handlaprivatkund.ica.se/stores/1015001/content/kundservice" class="link__Link-sc-14ymsi2-0 dSyqLR">Vanliga frÃ¥gor &amp; svar</a></li><li class="list__ListItem-sc-bv01u5-0 dIXmyB"><a href="https://handlaprivatkund.ica.se/stores/1015001/content/fragor-om-inloggning-och-losenord" class="link__Link-sc-14ymsi2-0 dSyqLR">Inloggning och lÃ¶senord</a></li><li class="list__ListItem-sc-bv01u5-0 dIXmyB"><a href="https://handlaprivatkund.ica.se/stores/1015001/content/fragor-om-returer-och-reklamation" class="link__Link-sc-14ymsi2-0 dSyqLR">Retur- och reklamationer</a></li><li class="list__ListItem-sc-bv01u5-0 dIXmyB"><a href="https://www.ica.se/handlaonline-kopvillkor/" class="link__Link-sc-14ymsi2-0 dSyqLR">KÃ¶pvillkor</a></li></ul></section><button type="button" aria-expanded="false" class="accordion__StyledAccordionTitle-sc-1g05yy0-0 kRUIVo">Hur handlar jag?<span class="icon__StyledIcon-sc-1055srg-0 kyiaJz icon__StyledWrappedIcon-sc-1055srg-1 accordion__StyledIcon-sc-1g05yy0-1 kaFbmS eMzyiR" data-test="icon__arrow_down"><svg><use href="#svg-arrow_down"></use></svg></span></button><section hidden="" class="accordion__StyledAccordionContent-sc-1g05yy0-2 iuMzuT"><ul class="list__StyledList-sc-bv01u5-1 dSfiQt"><li class="list__ListItem-sc-bv01u5-0 dIXmyB"><a href="https://handlaprivatkund.ica.se/stores/1015001/content/fragor-om-att-handla" class="link__Link-sc-14ymsi2-0 dSyqLR">FrÃ¥gor om att handla</a></li><li class="list__ListItem-sc-bv01u5-0 dIXmyB"><a href="https://handlaprivatkund.ica.se/stores/1015001/content/fragor-om-min-bestallning" class="link__Link-sc-14ymsi2-0 dSyqLR">FrÃ¥gor om min bestÃ¤llning</a></li><li class="list__ListItem-sc-bv01u5-0 dIXmyB"><a href="https://handlaprivatkund.ica.se/stores/1015001/content/fragor-om-leverans" class="link__Link-sc-14ymsi2-0 dSyqLR">LeveransfrÃ¥gor</a></li><li class="list__ListItem-sc-bv01u5-0 dIXmyB"><a href="https://handlaprivatkund.ica.se/stores/1015001/content/fragor-om-sortiment-och-priser" class="link__Link-sc-14ymsi2-0 dSyqLR">Sortiment- och prisfrÃ¥gor</a></li></ul></section><button type="button" aria-expanded="false" class="accordion__StyledAccordionTitle-sc-1g05yy0-0 kRUIVo">Om oss<span class="icon__StyledIcon-sc-1055srg-0 kyiaJz icon__StyledWrappedIcon-sc-1055srg-1 accordion__StyledIcon-sc-1g05yy0-1 kaFbmS eMzyiR" data-test="icon__arrow_down"><svg><use href="#svg-arrow_down"></use></svg></span></button><section hidden="" class="accordion__StyledAccordionContent-sc-1g05yy0-2 iuMzuT"><ul class="list__StyledList-sc-bv01u5-1 dSfiQt"><li class="list__ListItem-sc-bv01u5-0 dIXmyB"><a href="https://handlaprivatkund.ica.se/stores/1015001/content/butiksinfo" class="link__Link-sc-14ymsi2-0 dSyqLR">Butiksinfo</a></li></ul></section></div></div></div><div class="footer__FooterSupplementary-sc-1ubl5od-3 gRJNHy"><div class="footer__FooterRow-sc-1ubl5od-4 kyRpAo"><div class="spacing__Spacing-sc-ngu0v9-0 eKncUu"><div class="spacing__Spacing-sc-ngu0v9-0 kRTOfb"><a href="https://facebook.com/maxiicabromma/" target="_blank" rel="noopener noreferrer" class="link__Link-sc-14ymsi2-0 dSyqLR"><span class="text__Text-sc-6l1yjp-0 cYotRp">FACEBOOK</span><span title="FACEBOOK" aria-hidden="true" class="icon__StyledIcon-sc-1055srg-0 ouEsT icon__StyledWrappedIcon-sc-1055srg-1 kaFbmS" data-test="icon__facebook"><svg><use href="#svg-facebook"></use></svg></span><span class="_vc_1mycs_1">(Ã¶ppnas i ett nytt fÃ¶nster)</span></a></div><div class="spacing__Spacing-sc-ngu0v9-0 kRTOfb"><a href="https://instagram.com/icasverige" target="_blank" rel="noopener noreferrer" class="link__Link-sc-14ymsi2-0 dSyqLR"><span class="text__Text-sc-6l1yjp-0 cYotRp">INSTAGRAM</span><span title="INSTAGRAM" aria-hidden="true" class="icon__StyledIcon-sc-1055srg-0 ouEsT icon__StyledWrappedIcon-sc-1055srg-1 kaFbmS" data-test="icon__instagram"><svg><use href="#svg-instagram"></use></svg></span><span class="_vc_1mycs_1">(Ã¶ppnas i ett nytt fÃ¶nster)</span></a></div></div></div><div class="hidden__StyledHidden-sc-zjhdi2-0 FFFug"><div class="footer__FooterRow-sc-1ubl5od-4 kyRpAo"><div class="footer__FooterImage-sc-1ubl5od-7 ypsfs"><a href="https://www.lakemedelsverket.se/sv/handel-med-lakemedel/Anmalda-e-handlare/#Z00527" class="link__Link-sc-14ymsi2-0 dSyqLR"><span class="text__Text-sc-6l1yjp-0 cYotRp">Klicka fÃ¶r att verifiera att denna webbplats fungerar lagligt.</span><span title="Klicka fÃ¶r att verifiera att denna webbplats fungerar lagligt." aria-hidden="true" class="icon__StyledIcon-sc-1055srg-0 eNjFuK icon__StyledWrappedIcon-sc-1055srg-1 kaFbmS" data-test="icon__mhra"><svg><use href="#svg-mhra"></use></svg></span></a></div></div></div></div></footer><div id="StickyCollapsibleSummary"></div><div id="StickyCheckoutButton"></div><div id="StickyBopButton"></div></div></div><script data-test="initial-state-script" nonce="N2JjZTJkODQtNDJkMi00NWYyLWEyYTEtMmE0ZjdjZmNkZjMx">window.__INITIAL_STATE__={"data":{"applicableLoyalty":{"isFetching":false,"fetchError":false,"didInvalidate":false,"lastUpdated":null},"basket":{"ageRestriction":null,"appliedPaymentChecks":null,"appliedVouchers":[],"basketAboveThreshold":false,"basketId":"852298d6-e6b2-473a-8125-240c34b03f73","basketStatus":"NEVER_CHECKED_OUT","bufferRate":null,"canCheckout":false,"carrierBag":null,"delivery":null,"deliveryDestinationId":"3bd92c44-1975-4f18-a6b0-0da57c97d95f","deliveryPriceModificationLevels":null,"deliveryPromotion":null,"depositsPrice":null,"didInvalidate":false,"displayFinalPrice":null,"displayTotal":{"currency":"SEK","amount":"0.00"},"environmentalHandlingPrice":null,"error":null,"fetchError":false,"finalPrice":null,"invoice":null,"isFetching":false,"items":[],"itemsRetailPrice":{"currency":"SEK","amount":"0.00"},"lastUpdated":1701346988543,"loyalty":null,"minimumCheckoutThreshold":{"currency":"SEK","amount":"100.00"},"orderId":null,"orderLevelPromotions":[],"paidByLoyalty":null,"paidByCheck":null,"preparation":null,"regionId":"67dad347-0199-402a-af13-0f84408a304b","remainingAmountToMinimumCheckoutThreshold":null,"remainingBalance":null,"remainingPayment":null,"remainingTimeToEditInMillis":null,"removedPaymentChecks":null,"retailPrice":null,"savings":{"currency":"SEK","amount":"0.00"},"shippingGroupType":"default customer collection","shippingGroupTypeDisplayName":null,"defaultShippingGroupType":"default customer collection","defaultShippingGroupTypeDisplayName":null,"slot":null,"defaultSlot":null,"nextAvailableSlot":null,"taxesTotals":null,"total":{"currency":"SEK","amount":"0.00"},"totalPrice":null,"unavailableData":[],"vouchersSavingsPrice":null,"pricingNotifications":null,"deliveryPromotions":[],"taxation":"TAX_INCLUDED","displayTaxation":"TAX_INCLUDED"},"basketView":{"isFetching":false,"fetchError":false,"lastUpdated":null,"error":null,"data":{"cartId":null,"customerId":null,"visitorId":null,"regionId":null,"bannerId":null,"currency":null,"version":null,"status":null,"deliveryDestinationId":null,"checkoutGroups":[],"unassignedItems":[]}},"basketMerge":{"isFetching":false,"fetchError":false,"didInvalidate":false,"lastUpdated":null},"basketSpeculation":{"items":[],"basketQuantityCurrentInFlightRequests":0,"basketQuantityCurrentBouncedAddItemRequests":0,"basketQuantityCurrentBouncedRemoveItemRequests":0,"basketQuantityMaximumInFlightRequests":0},"checkout":{"addAddressOrigin":"","applicableLoyalty":{"isFetching":false,"fetchError":false,"didInvalidate":false,"lastUpdated":null},"basket":{"ageRestriction":null,"appliedPaymentChecks":null,"appliedVouchers":[],"basketAboveThreshold":null,"basketId":null,"basketStatus":null,"bufferRate":null,"canCheckout":null,"carrierBag":null,"delivery":null,"deliveryDestinationId":null,"deliveryPriceModificationLevels":null,"deliveryPromotion":null,"depositsPrice":null,"didInvalidate":false,"displayFinalPrice":null,"displayTotal":null,"environmentalHandlingPrice":null,"error":null,"fetchError":false,"finalPrice":null,"invoice":null,"isFetching":false,"items":[],"itemsRetailPrice":null,"lastUpdated":null,"loyalty":null,"minimumCheckoutThreshold":null,"orderId":null,"orderLevelPromotions":[],"paidByLoyalty":null,"paidByCheck":null,"preparation":null,"regionId":null,"remainingAmountToMinimumCheckoutThreshold":null,"remainingBalance":null,"remainingPayment":null,"remainingTimeToEditInMillis":null,"removedPaymentChecks":null,"retailPrice":null,"savings":null,"shippingGroupType":"","shippingGroupTypeDisplayName":"","defaultShippingGroupType":"","defaultShippingGroupTypeDisplayName":"","slot":null,"defaultSlot":null,"nextAvailableSlot":null,"taxesTotals":null,"total":null,"totalPrice":null,"unavailableData":[],"vouchersSavingsPrice":null},"checkout":{"recurringShoppingDefinition":"","recurringName":""},"benefits":{"isFetching":false,"fetchError":false,"didInvalidate":false,"lastUpdated":null,"data":{},"currentSubscription":{"isFetching":false,"fetchError":false,"didInvalidate":false,"lastUpdated":null}},"customerDeliveryPassSubscription":{"isFetching":false,"fetchError":false,"didInvalidate":false,"lastUpdated":null,"data":{}},"subscriptions":{"selectedPlanId":null},"categories":{"isFetching":false,"fetchError":false,"didInvalidate":false,"lastUpdated":null,"depth":null,"root":null,"categories":null,"categoryEvent":null},"menuCampaigns":{"isFetching":false,"fetchError":false,"didInvalidate":false,"lastUpdated":null,"campaigns":[]},"checkoutWalk":{"isFetching":false,"fetchError":false,"didInvalidate":false,"lastUpdated":null,"data":{}},"refundableReasons":[],"orders":{"all":{"isFetching":false,"fetchError":false,"didInvalidate":false,"lastUpdated":null,"retentionPeriod":"","orders":[]},"pending":{"isFetching":false,"fetchError":false,"didInvalidate":false,"lastUpdated":null,"orders":[]},"past":{"isFetching":false,"fetchError":false,"didInvalidate":false,"lastUpdated":null,"retentionPeriod":"","nextPageToken":"","orders":[]},"current":{"order":{"isFetching":false,"fetchError":false,"didInvalidate":false,"lastUpdated":null,"order":null},"refunds":{"newRefundRequest":{"regionId":"","availableItems":[],"refundReasonsPerCategory":[],"error":null,"fetchError":false,"isFetching":false},"summary":{"selectedItems":[],"refundValueBreakdown":{"taxComponents":[],"net":null,"gross":null,"displayAmount":null},"error":null,"fetchError":false,"isFetching":false},"createdRefundRequest":{"anyItemAvailableForRefund":false,"newRefundRequestCreationCutoff":"","regionId":"","requestedItems":[],"error":null,"fetchError":false,"isFetching":false},"placeRefundRequest":{"refundRequestId":null,"expectedRequestReviewTime":null,"error":null,"fetchError":false,"isFetching":false}},"loyalty":{"isFetching":false,"fetchError":false,"didInvalidate":false,"lastUpdated":null,"data":null}},"failedPayments":{"isFetching":false,"fetchError":false,"didInvalidate":false,"lastUpdated":null,"orders":[]},"recurring":{"definitions":{"isFetching":false,"fetchError":false,"didInvalidate":false,"lastUpdated":null,"data":[]},"placeholders":{"isFetching":false,"fetchError":false,"didInvalidate":false,"lastUpdated":null,"data":[]}},"orderEntities":{"lastUpdated":null}},"addWalletItemModal":{},"modal":{},"feedback":{"feedbackCategories":[{"id":"1","type":"technicalIssue"},{"id":"2","type":"usability"},{"id":"3","type":"featureSuggestion"}]},"footer":{"isFetching":false,"fetchError":false,"didInvalidate":false,"lastUpdated":null,"links":{"sections":[],"contact":"","social":[],"feedback":""}},"communicationBlock":{"isFetching":false,"fetchError":false,"didInvalidate":false,"lastUpdated":null,"entities":[]},"contentBlocks":{"isFetching":false,"fetchError":false,"didInvalidate":false,"lastUpdated":null,"blocks":[]},"advertisingBanners":{"isFetching":false,"fetchError":false,"didInvalidate":false,"lastUpdated":null,"advertisingBanner":null},"customer":{"addresses":{"isFetching":false,"fetchError":false,"didInvalidate":false,"lastUpdated":null,"data":[]},"addressFields":{"isFetching":false,"fetchError":false,"didInvalidate":false,"lastUpdated":null,"formSection":{"title":"","fields":[]}},"addressDetails":{"isFetching":false,"fetchError":false,"didInvalidate":false,"lastUpdated":null,"data":{}},"details":{"isFetching":false,"fetchError":false,"didInvalidate":false,"lastUpdated":null,"data":{}},"loyalty":{"isFetching":false,"fetchError":false,"didInvalidate":false,"lastUpdated":null},"preferences":{"isFetching":false,"fetchError":false,"didInvalidate":false,"lastUpdated":null,"data":{}},"basketPreferences":{"isFetching":false,"fetchError":false,"didInvalidate":false,"lastUpdated":null,"data":{"basketView":null,"skipMultipleDeliveriesModal":false},"error":null},"regulars":{"regulars":{"data":[]},"list":{},"addToRegularsModal":{"productId":""},"actionInProgress":[]},"addressValidation":{"isFetching":false,"fetchError":false,"didInvalidate":false,"lastUpdated":null,"data":{"formattedAddress":"","id":"","additionalInformation":""}}},"addressLookup":{"metadata":{"isFetching":false,"fetchError":false,"didInvalidate":false,"lastUpdated":null,"data":[]}},"favorite":{"isFetching":false,"fetchError":false,"didInvalidate":false,"lastUpdated":null},"locale":{"isFetching":false,"fetchError":false,"didInvalidate":false,"lastUpdated":null,"active":"","strings":{}},"bop":{"details":{"isFetching":false,"fetchError":false,"didInvalidate":false,"lastUpdated":null,"data":{}}},"products":{"alternatives":{"isFetching":false,"fetchError":false,"didInvalidate":false,"lastUpdated":null,"data":{}},"catalogue":{"isFetching":false,"fetchError":false,"didInvalidate":false,"lastUpdated":null,"lastFetchedLocation":"","filtersFromQueryString":{},"data":[]},"basket":{"isFetching":false,"fetchError":false,"didInvalidate":false,"lastUpdated":null,"data":{}},"offers":{"isFetching":false,"fetchError":false,"didInvalidate":false,"lastUpdated":null,"data":{"promotionPageType":"UNKNOWN","sortOptions":[],"promoId":"","retailerPromotionId":"","description":"","promotionGroups":[{"products":[],"quantity":0}]}},"productEntities":{},"missedPromotions":[]},"settings":{"isFetching":false,"fetchError":false,"didInvalidate":false,"lastUpdated":null,"data":{}},"staticContent":{"content":"","pageId":null},"marketingPreferences":{"isFetching":false,"fetchError":false,"didInvalidate":false,"lastUpdated":null,"preferences":[]},"marketingPreferencesV2":{"isFetching":false,"fetchError":false,"didInvalidate":false,"lastUpdated":null,"preferences":{"communicationPreferences":[],"marketingPreferences":{}}},"marketingPreferencesV3":{"isFetching":false,"fetchError":false,"didInvalidate":false,"lastUpdated":null,"preferences":{"endpointEnabled":null,"sections":[],"preferences":[]}},"wallet":{"isFetching":false,"fetchError":false,"didInvalidate":false,"lastUpdated":null,"items":[]},"delivery":{"nextAvailableSlot":{"isFetching":false,"fetchError":false,"didInvalidate":false,"lastUpdated":null,"data":null},"slotbooking":{"isFetching":false,"fetchError":false,"didInvalidate":false,"lastUpdated":null,"data":{},"pendingSlotListingRequests":0,"lastSlotListingRequestStartTime":null,"successRequestParams":null},"defaultShippingGroup":{"isFetching":false,"fetchError":false,"didInvalidate":false,"lastUpdated":null,"value":null},"supportedDeliveryTypes":{"isFetching":false,"fetchError":false,"didInvalidate":false,"lastUpdated":null,"deliveryTypes":{}},"clickAndCollect":{"collectionPoints":{"entities":{},"filters":[{"id":"cncId","labelId":"delivery.collection.type.collectionPoint.text","selected":false,"sortOrder":0,"supportedType":"SERVICED"},{"id":"lockerId","labelId":"delivery.collection.type.locker.text","selected":false,"sortOrder":1,"supportedType":"LOCKER","requiredFeatureFlag":"cptfl"},{"id":"mobileId","labelId":"delivery.collection.type.mobile.text","selected":false,"sortOrder":2,"supportedType":"MOBILE","requiredFeatureFlag":"cptfm"}],"nearbyCollectionPointsStatus":{"isFetching":false,"fetchError":false,"didInvalidate":false,"lastUpdated":null},"collectionPointsStatus":{"isFetching":false,"fetchError":false,"didInvalidate":false,"lastUpdated":null},"nearbyCollectionPointsOrder":[],"nearbyCollectionPointsOrderWithDistance":[],"collectionPointsOrder":[],"geocodeLookupComplete":false,"activeAddressId":null},"search":{"error":null,"lastUpdated":null,"query":null,"result":null}},"homeDelivery":{"deliveryAddresses":{"isFetching":false,"fetchError":false,"didInvalidate":false,"lastUpdated":null,"addresses":[]}},"destinations":{"homeDelivery":{"isFetching":false,"fetchError":false,"didInvalidate":false,"lastUpdated":null,"data":{}},"customerCollection":{"isFetching":false,"fetchError":false,"didInvalidate":false,"lastUpdated":null,"data":{}},"selectedDeliveryDestination":{"isFetching":false,"fetchError":false,"didInvalidate":false,"lastUpdated":null}}},"theme":{"isFetching":false,"fetchError":false,"didInvalidate":false,"lastUpdated":null,"data":null},"retailer":{"addressFields":{"isFetching":false,"fetchError":false,"didInvalidate":false,"lastUpdated":null,"data":{}}},"loyaltySettings":{"isFetching":false,"fetchError":false,"didInvalidate":false,"lastUpdated":null},"search":{"suggestions":{"isFetching":false,"fetchError":false,"didInvalidate":false,"lastUpdated":null,"data":[],"searchTerm":"","isSearchActive":false,"filteredSuggestions":[],"suggestionsToDisplay":[],"maxSuggestionsToDisplay":10,"highlightedSuggestionIndex":-1,"smartSearchSuggestionsCache":null,"isSearchPage":false},"redirects":{"isFetching":false,"fetchError":false,"didInvalidate":false,"lastUpdated":null,"data":[],"redirectUrl":null},"analytics":{}},"registrationUrl":{"url":""},"topTabs":{"isFetching":false,"fetchError":false,"didInvalidate":false,"lastUpdated":null,"data":[]},"shoppingLists":{"listPage":{},"detailsPage":{"listId":null},"data":{"listEntities":{},"listIds":[]}},"cookieConsent":{},"shopInShop":{"html":"","productIds":[],"isFetching":false},"recipes":{"homePageComponents":{"isFetching":false,"fetchError":false,"didInvalidate":false,"lastUpdated":null},"homePage":{"isFetching":false,"fetchError":false,"didInvalidate":false,"lastUpdated":null},"searchPage":{"isFetching":false,"fetchError":false,"didInvalidate":false,"lastUpdated":null},"detailsPage":{"isFetching":false,"fetchError":false,"didInvalidate":false,"lastUpdated":null},"shopForIngredientsPage":{"isFetching":false,"fetchError":false,"didInvalidate":false,"lastUpdated":null},"collectionDetailsPage":{"isFetching":false,"fetchError":false,"didInvalidate":false,"lastUpdated":null},"collectionsPage":{"isFetching":false,"fetchError":false,"didInvalidate":false,"lastUpdated":null},"savedRecipesPage":{"isFetching":false,"fetchError":false,"didInvalidate":false,"lastUpdated":null},"chat":{},"recipeEntities":{},"collectionEntities":{}},"recommendedProducts":{"productIds":[],"isFetching":false,"fetchError":false,"didInvalidate":false,"lastUpdated":null},"toggleablePromotions":{"isFetching":false,"fetchError":false,"didInvalidate":false,"lastUpdated":null}},"draftBasket":{"ageRestriction":null,"appliedPaymentChecks":null,"appliedVouchers":[],"basketAboveThreshold":null,"basketId":null,"basketStatus":null,"bufferRate":null,"canCheckout":null,"carrierBag":null,"delivery":null,"deliveryDestinationId":null,"deliveryPriceModificationLevels":null,"deliveryPromotion":null,"depositsPrice":null,"didInvalidate":false,"displayFinalPrice":null,"displayTotal":null,"environmentalHandlingPrice":null,"error":null,"fetchError":false,"finalPrice":null,"invoice":null,"isFetching":false,"items":[],"itemsRetailPrice":null,"lastUpdated":null,"loyalty":null,"minimumCheckoutThreshold":null,"orderId":null,"orderLevelPromotions":[],"paidByLoyalty":null,"paidByCheck":null,"preparation":null,"regionId":null,"remainingAmountToMinimumCheckoutThreshold":null,"remainingBalance":null,"remainingPayment":null,"remainingTimeToEditInMillis":null,"removedPaymentChecks":null,"retailPrice":null,"savings":null,"shippingGroupType":"","shippingGroupTypeDisplayName":"","defaultShippingGroupType":"","defaultShippingGroupTypeDisplayName":"","slot":null,"defaultSlot":null,"nextAvailableSlot":null,"taxesTotals":null,"total":null,"totalPrice":null,"unavailableData":[],"vouchersSavingsPrice":null},"instantShop":{"isFetching":false,"fetchError":false,"didInvalidate":false,"lastUpdated":null,"available":false},"categories":{"isFetching":false,"fetchError":false,"didInvalidate":false,"lastUpdated":1701346988528,"depth":1,"root":["f7217db9-9c8c-4fc8-9f6e-1c764c81d6e6","e0b72aab-cbdc-4320-ad4a-d2ac6fcba7b2","aab5f5d0-3d78-462d-8cfd-7b9401aa44c4","ef5d0b8d-e70e-4034-9f3d-424bb750545c","716e8481-1c45-498b-8cd4-52be72cf7eb9","aa7a886e-881f-4d1b-bc20-ee8e4b5c2a30","ae871f1d-f02c-46b0-91dc-ce74380d0212","825ef9f8-6260-4f05-a911-43c16b983561","4661d4a3-e892-47e8-b707-d79b85204330","d75778c3-836f-47c2-834a-4957711c8085","11f0e9b5-251a-4643-a2f9-c40d42e9efcc","08a38346-3534-4e27-bd8a-821fa909b8e6","7194027b-c314-4886-b2cf-a01de422742d","106e21e6-c238-46ec-b497-7053a1ad1f5c","5c6c4063-0420-48d6-bdbb-c8865ae4bee9","93483b52-eacd-4bc7-9106-dad0b24c715c","496f799b-87b0-454f-a9e9-01d91bfaf9a6","f85d576e-6b50-4fca-99f8-ab2cb7336eda","0a804162-78ef-4f3f-9eaf-3a4c5070e12c","8fb28e2a-dc87-4395-a848-3a058f44be79","464f28e9-6a84-4afb-87c8-70b632793d6d","6681b15a-39f1-4040-bb5f-3ac1340e494b","8a50ed25-8c8a-447e-a1a7-7dc9e8ed534e"],"categories":{"563c7730-20d3-4b59-bd79-cb7a335f7e27":{"name":"Julbak","id":"563c7730-20d3-4b59-bd79-cb7a335f7e27","retailerId":"4034","children":[],"fullURLPath":"Jul\u002FJulbak"},"08dd4798-9004-4bba-8998-369f344f3c01":{"name":"Adventsfika","id":"08dd4798-9004-4bba-8998-369f344f3c01","retailerId":"4033","children":[],"fullURLPath":"Jul\u002FAdventsfika"},"32910e77-58f5-4248-bb75-9bde4505a6bb":{"name":"Julgodis & Julkalendrar","id":"32910e77-58f5-4248-bb75-9bde4505a6bb","retailerId":"4038","children":[],"fullURLPath":"Jul\u002FJulgodis-Julkalendrar"},"8988b005-8855-49e0-b840-d0d1192e5e09":{"name":"Juldryck","id":"8988b005-8855-49e0-b840-d0d1192e5e09","retailerId":"4036","children":[],"fullURLPath":"Jul\u002FJuldryck"},"ff33ff4f-5b03-4951-8d39-78a270f84087":{"name":"Julmat","id":"ff33ff4f-5b03-4951-8d39-78a270f84087","retailerId":"4037","children":[],"fullURLPath":"Jul\u002FJulmat"},"2c8eda4d-0094-4619-83c1-661619716d95":{"name":"JulklÃ¤der","id":"2c8eda4d-0094-4619-83c1-661619716d95","retailerId":"3197","children":[],"fullURLPath":"Jul\u002FJulklÃ¤der"},"8b69ad50-4725-41d0-adc7-6c329c581e30":{"name":"Jul i hemmet","id":"8b69ad50-4725-41d0-adc7-6c329c581e30","retailerId":"4031","children":[],"fullURLPath":"Jul\u002FJul-i-hemmet"},"9ed77260-8115-4d22-a226-6e99ddc66c1d":{"name":"GÃ¥vor & Julklappar","id":"9ed77260-8115-4d22-a226-6e99ddc66c1d","retailerId":"4032","children":[],"fullURLPath":"Jul\u002FGÃ¥vor-Julklappar"},"13ce0dbb-2280-4f1c-aaad-09c396248250":{"name":"Varor som gÃ¶r skillnad","id":"13ce0dbb-2280-4f1c-aaad-09c396248250","retailerId":"4479","children":[],"fullURLPath":"Jul\u002FVaror-som-gÃ¶r-skillnad"},"af7506a1-abbc-4a1d-b094-6c7a4a8bac3c":{"name":"Julnyheter","id":"af7506a1-abbc-4a1d-b094-6c7a4a8bac3c","retailerId":"4478","children":[],"fullURLPath":"Inspiration\u002FJulnyheter"},"f7217db9-9c8c-4fc8-9f6e-1c764c81d6e6":{"name":"Jul","id":"f7217db9-9c8c-4fc8-9f6e-1c764c81d6e6","retailerId":"2676","children":["563c7730-20d3-4b59-bd79-cb7a335f7e27","08dd4798-9004-4bba-8998-369f344f3c01","32910e77-58f5-4248-bb75-9bde4505a6bb","8988b005-8855-49e0-b840-d0d1192e5e09","ff33ff4f-5b03-4951-8d39-78a270f84087","2c8eda4d-0094-4619-83c1-661619716d95","8b69ad50-4725-41d0-adc7-6c329c581e30","9ed77260-8115-4d22-a226-6e99ddc66c1d","13ce0dbb-2280-4f1c-aaad-09c396248250","af7506a1-abbc-4a1d-b094-6c7a4a8bac3c"],"fullURLPath":"Jul"},"74e2689c-5a9a-4e46-b3a0-b703f9ffeb0a":{"name":"Lucia","id":"74e2689c-5a9a-4e46-b3a0-b703f9ffeb0a","retailerId":"4526","children":[],"fullURLPath":"Inspiration\u002FLucia"},"e0b72aab-cbdc-4320-ad4a-d2ac6fcba7b2":{"name":"Inspiration","id":"e0b72aab-cbdc-4320-ad4a-d2ac6fcba7b2","retailerId":"2409","children":["74e2689c-5a9a-4e46-b3a0-b703f9ffeb0a","af7506a1-abbc-4a1d-b094-6c7a4a8bac3c"],"fullURLPath":"Inspiration"},"275b89c3-a216-466c-beb5-f0eb959262c2":{"name":"Eget bageri","id":"275b89c3-a216-466c-beb5-f0eb959262c2","retailerId":"1321","children":[],"fullURLPath":"BrÃ¶d-Kakor\u002FEget-bageri"},"aab5f5d0-3d78-462d-8cfd-7b9401aa44c4":{"name":"Butikens egna varor","id":"aab5f5d0-3d78-462d-8cfd-7b9401aa44c4","retailerId":"2347","children":["275b89c3-a216-466c-beb5-f0eb959262c2"],"fullURLPath":"Butikens-egna-varor"},"6468aa14-7fd5-4a7a-976d-f3ce4f3b85c9":{"name":"NÃ¶tkÃ¶tt","id":"6468aa14-7fd5-4a7a-976d-f3ce4f3b85c9","retailerId":"2","children":[],"fullURLPath":"KÃ¶tt-FÃ¥gel-Fisk\u002FNÃ¶tkÃ¶tt"},"54248b75-a35a-47aa-ba61-c3f6573be75d":{"name":"FlÃ¤skkÃ¶tt","id":"54248b75-a35a-47aa-ba61-c3f6573be75d","retailerId":"13","children":[],"fullURLPath":"KÃ¶tt-FÃ¥gel-Fisk\u002FFlÃ¤skkÃ¶tt"},"55d4f0d0-2ebd-40dd-bb4f-a1e169410e80":{"name":"KÃ¶ttfÃ¤rs","id":"55d4f0d0-2ebd-40dd-bb4f-a1e169410e80","retailerId":"1326","children":[],"fullURLPath":"KÃ¶tt-FÃ¥gel-Fisk\u002FKÃ¶ttfÃ¤rs"},"ab24fc6f-071f-49cc-b408-3947bf0f0ab1":{"name":"Korv","id":"ab24fc6f-071f-49cc-b408-3947bf0f0ab1","retailerId":"50","children":[],"fullURLPath":"KÃ¶tt-FÃ¥gel-Fisk\u002FKorv"},"740b32e5-8f6b-4eda-835a-c04413fdc576":{"name":"Matchark","id":"740b32e5-8f6b-4eda-835a-c04413fdc576","retailerId":"1167","children":[],"fullURLPath":"KÃ¶tt-FÃ¥gel-Fisk\u002FMatchark"},"fba8dc40-d11e-4eb2-a540-818f734244e9":{"name":"PÃ¥lÃ¤gg","id":"fba8dc40-d11e-4eb2-a540-818f734244e9","retailerId":"41","children":[],"fullURLPath":"KÃ¶tt-FÃ¥gel-Fisk\u002FPÃ¥lÃ¤gg"},"ebe265b5-e86d-49b6-9467-026647cfe342":{"name":"Delikatesschark","id":"ebe265b5-e86d-49b6-9467-026647cfe342","retailerId":"62","children":[],"fullURLPath":"KÃ¶tt-FÃ¥gel-Fisk\u002FDelikatesschark"},"594dec40-357f-49fb-9b65-b5899a5160e8":{"name":"Kyckling & fÃ¥gel","id":"594dec40-357f-49fb-9b65-b5899a5160e8","retailerId":"29","children":[],"fullURLPath":"KÃ¶tt-FÃ¥gel-Fisk\u002FKyckling-fÃ¥gel"},"fa72ca9d-16f2-445a-85e3-a0dedb821282":{"name":"Fisk","id":"fa72ca9d-16f2-445a-85e3-a0dedb821282","retailerId":"1349","children":[],"fullURLPath":"KÃ¶tt-FÃ¥gel-Fisk\u002FFisk"},"11405b0f-54ed-40e6-b15b-291cf258951e":{"name":"Skaldjur","id":"11405b0f-54ed-40e6-b15b-291cf258951e","retailerId":"1362","children":[],"fullURLPath":"KÃ¶tt-FÃ¥gel-Fisk\u002FSkaldjur"},"64374ffc-8c28-4fe4-a127-1ea96cff8cdb":{"name":"Sill, kaviar & rom","id":"64374ffc-8c28-4fe4-a127-1ea96cff8cdb","retailerId":"1371","children":[],"fullURLPath":"KÃ¶tt-FÃ¥gel-Fisk\u002FSill-kaviar-rom"},"7894a3e6-d00e-44a8-bcb0-3301292692c5":{"name":"Lamm, kalv & vilt","id":"7894a3e6-d00e-44a8-bcb0-3301292692c5","retailerId":"23","children":[],"fullURLPath":"KÃ¶tt-FÃ¥gel-Fisk\u002FLamm-kalv-vilt"},"ef5d0b8d-e70e-4034-9f3d-424bb750545c":{"name":"KÃ¶tt, FÃ¥gel & Fisk","id":"ef5d0b8d-e70e-4034-9f3d-424bb750545c","retailerId":"1","children":["6468aa14-7fd5-4a7a-976d-f3ce4f3b85c9","54248b75-a35a-47aa-ba61-c3f6573be75d","55d4f0d0-2ebd-40dd-bb4f-a1e169410e80","ab24fc6f-071f-49cc-b408-3947bf0f0ab1","740b32e5-8f6b-4eda-835a-c04413fdc576","fba8dc40-d11e-4eb2-a540-818f734244e9","ebe265b5-e86d-49b6-9467-026647cfe342","594dec40-357f-49fb-9b65-b5899a5160e8","fa72ca9d-16f2-445a-85e3-a0dedb821282","11405b0f-54ed-40e6-b15b-291cf258951e","64374ffc-8c28-4fe4-a127-1ea96cff8cdb","7894a3e6-d00e-44a8-bcb0-3301292692c5"],"fullURLPath":"KÃ¶tt-FÃ¥gel-Fisk"},"70c6bbd9-ad4b-4f33-bbd8-d78ff9361071":{"name":"MjÃ¶lkfritt mejeri","id":"70c6bbd9-ad4b-4f33-bbd8-d78ff9361071","retailerId":"2309","children":[],"fullURLPath":"Vegetariskt\u002FMjÃ¶lkfritt-mejeri"},"cddacae6-d6bc-4275-a106-fd09eb1d0d1a":{"name":"Vegansk ost & pÃ¥lÃ¤gg","id":"cddacae6-d6bc-4275-a106-fd09eb1d0d1a","retailerId":"2310","children":[],"fullURLPath":"Vegetariskt\u002FVegansk-ost-pÃ¥lÃ¤gg"},"48e5b3b0-bb7f-4c24-8993-0f755c5bf878":{"name":"FÃ¤rsk vegetarisk fÃ¤rdigmat","id":"48e5b3b0-bb7f-4c24-8993-0f755c5bf878","retailerId":"2234","children":[],"fullURLPath":"Vegetariskt\u002FFÃ¤rsk-vegetarisk-fÃ¤rdigmat"},"dcf646eb-d201-45db-a19c-57e71ad7449f":{"name":"Fryst vegetarisk fÃ¤rdigmat","id":"dcf646eb-d201-45db-a19c-57e71ad7449f","retailerId":"1483","children":[],"fullURLPath":"Fryst\u002FFryst-vegetarisk-fÃ¤rdigmat"},"916f4097-8f42-4720-8784-48422bd9478e":{"name":"Veganskt godis & choklad","id":"916f4097-8f42-4720-8784-48422bd9478e","retailerId":"3082","children":[],"fullURLPath":"Vegetariskt\u002FVeganskt-godis-choklad"},"d9b0610c-e4bf-43be-9328-48f9c0046e2a":{"name":"Vegansk & Laktosfri Glass","id":"d9b0610c-e4bf-43be-9328-48f9c0046e2a","retailerId":"2559","children":[],"fullURLPath":"Vegetariskt\u002FVegansk-Laktosfri-Glass"},"716e8481-1c45-498b-8cd4-52be72cf7eb9":{"name":"Vegetariskt","id":"716e8481-1c45-498b-8cd4-52be72cf7eb9","retailerId":"2233","children":["70c6bbd9-ad4b-4f33-bbd8-d78ff9361071","cddacae6-d6bc-4275-a106-fd09eb1d0d1a","48e5b3b0-bb7f-4c24-8993-0f755c5bf878","dcf646eb-d201-45db-a19c-57e71ad7449f","916f4097-8f42-4720-8784-48422bd9478e","d9b0610c-e4bf-43be-9328-48f9c0046e2a"],"fullURLPath":"Vegetariskt"},"c58e8e86-9774-4d8e-8df6-88b5e096486b":{"name":"Frukt","id":"c58e8e86-9774-4d8e-8df6-88b5e096486b","retailerId":"3364","children":[],"fullURLPath":"Frukt-GrÃ¶nt\u002FFrukt"},"e4091696-3671-44ac-80e7-585f0a46182e":{"name":"FÃ¤rska bÃ¤r","id":"e4091696-3671-44ac-80e7-585f0a46182e","retailerId":"178","children":[],"fullURLPath":"Frukt-GrÃ¶nt\u002FFÃ¤rska-bÃ¤r"},"ba0d4206-5741-4245-82bb-2f26a67af6a7":{"name":"GrÃ¶nsaker","id":"ba0d4206-5741-4245-82bb-2f26a67af6a7","retailerId":"198","children":[],"fullURLPath":"Frukt-GrÃ¶nt\u002FGrÃ¶nsaker"},"4b7758e8-0a2e-4ed4-9ee3-0b23369cedf3":{"name":"KÃ¥l","id":"4b7758e8-0a2e-4ed4-9ee3-0b23369cedf3","retailerId":"4542","children":[],"fullURLPath":"Frukt-GrÃ¶nt\u002FKÃ¥l"},"c3341f26-0cb0-42d2-aad5-2531c65dacf6":{"name":"Potatis & LÃ¶k","id":"c3341f26-0cb0-42d2-aad5-2531c65dacf6","retailerId":"205","children":[],"fullURLPath":"Frukt-GrÃ¶nt\u002FPotatis-LÃ¶k"},"0928f5b6-1c65-4979-b515-af24c6dfdd93":{"name":"Rotfrukter","id":"0928f5b6-1c65-4979-b515-af24c6dfdd93","retailerId":"4544","children":[],"fullURLPath":"Frukt-GrÃ¶nt\u002FRotfrukter"},"c2411cc5-e3c0-4a31-b38e-9cd640e7fe61":{"name":"GourmetgrÃ¶nsaker","id":"c2411cc5-e3c0-4a31-b38e-9cd640e7fe61","retailerId":"1075","children":[],"fullURLPath":"Frukt-GrÃ¶nt\u002FGourmetgrÃ¶nsaker"},"6c500e7d-dff0-44fd-8e6c-dc219153a74d":{"name":"FÃ¤rska kryddor","id":"6c500e7d-dff0-44fd-8e6c-dc219153a74d","retailerId":"207","children":[],"fullURLPath":"Frukt-GrÃ¶nt\u002FFÃ¤rska-kryddor"},"332273ef-ad9d-484b-b129-cb161b5ae452":{"name":"Svamp","id":"332273ef-ad9d-484b-b129-cb161b5ae452","retailerId":"674","children":[],"fullURLPath":"Frukt-GrÃ¶nt\u002FSvamp"},"aa7a886e-881f-4d1b-bc20-ee8e4b5c2a30":{"name":"Frukt & GrÃ¶nt","id":"aa7a886e-881f-4d1b-bc20-ee8e4b5c2a30","retailerId":"627","children":["c58e8e86-9774-4d8e-8df6-88b5e096486b","e4091696-3671-44ac-80e7-585f0a46182e","ba0d4206-5741-4245-82bb-2f26a67af6a7","4b7758e8-0a2e-4ed4-9ee3-0b23369cedf3","c3341f26-0cb0-42d2-aad5-2531c65dacf6","0928f5b6-1c65-4979-b515-af24c6dfdd93","c2411cc5-e3c0-4a31-b38e-9cd640e7fe61","6c500e7d-dff0-44fd-8e6c-dc219153a74d","332273ef-ad9d-484b-b129-cb161b5ae452"],"fullURLPath":"Frukt-GrÃ¶nt"},"bfbef636-5374-459d-b977-9238216c124e":{"name":"Ost","id":"bfbef636-5374-459d-b977-9238216c124e","retailerId":"267","children":[],"fullURLPath":"Mejeri-Ost\u002FOst"},"6a55818c-ea82-4455-b32f-0be369c8e832":{"name":"MjÃ¶lk","id":"6a55818c-ea82-4455-b32f-0be369c8e832","retailerId":"257","children":[],"fullURLPath":"Mejeri-Ost\u002FMjÃ¶lk"},"144d947a-c898-4529-9cc6-20cce6905686":{"name":"Yoghurt","id":"144d947a-c898-4529-9cc6-20cce6905686","retailerId":"1232","children":[],"fullURLPath":"Mejeri-Ost\u002FYoghurt"},"fa1fac8a-7e02-43f4-aeb4-8c9c7214bc79":{"name":"FilmjÃ¶lk","id":"fa1fac8a-7e02-43f4-aeb4-8c9c7214bc79","retailerId":"4508","children":[],"fullURLPath":"Mejeri-Ost\u002FFilmjÃ¶lk"},"b61dc3e1-13cf-40e2-8fc0-6a552470cfaa":{"name":"Ãgg & JÃ¤st","id":"b61dc3e1-13cf-40e2-8fc0-6a552470cfaa","retailerId":"4514","children":[],"fullURLPath":"Mejeri-Ost\u002FÃgg-JÃ¤st"},"641d4659-7a63-47db-b624-256dced5201b":{"name":"GrÃ¤dde","id":"641d4659-7a63-47db-b624-256dced5201b","retailerId":"281","children":[],"fullURLPath":"Mejeri-Ost\u002FGrÃ¤dde"},"54ac8235-abeb-4353-b34c-11af7211f227":{"name":"SmÃ¶r & margarin","id":"54ac8235-abeb-4353-b34c-11af7211f227","retailerId":"275","children":[],"fullURLPath":"Mejeri-Ost\u002FSmÃ¶r-margarin"},"c4a156dd-4714-4d83-87fa-1ba00710008a":{"name":"CrÃ¨me fraiche & grÃ¤ddfil","id":"c4a156dd-4714-4d83-87fa-1ba00710008a","retailerId":"1301","children":[],"fullURLPath":"Mejeri-Ost\u002FCrÃ¨me-fraiche-grÃ¤ddfil"},"84d26e8f-ab7b-4c52-b33e-a370dfe33199":{"name":"Kvarg","id":"84d26e8f-ab7b-4c52-b33e-a370dfe33199","retailerId":"4502","children":[],"fullURLPath":"Mejeri-Ost\u002FKvarg"},"97e643ac-cf44-405e-8589-f10b84c3f48f":{"name":"Cottage cheese","id":"97e643ac-cf44-405e-8589-f10b84c3f48f","retailerId":"4503","children":[],"fullURLPath":"Mejeri-Ost\u002FCottage-cheese"},"451fb99f-01f9-4275-9bc7-ff655d2d1175":{"name":"Kylda mellanmÃ¥l & desserter","id":"451fb99f-01f9-4275-9bc7-ff655d2d1175","retailerId":"298","children":[],"fullURLPath":"Mejeri-Ost\u002FKylda-mellanmÃ¥l-desserter"},"312d2f21-aba3-4053-8017-bbf239f2dfc0":{"name":"Juice & Fruktdryck","id":"312d2f21-aba3-4053-8017-bbf239f2dfc0","retailerId":"2585","children":[],"fullURLPath":"Dryck\u002FJuice-Fruktdryck"},"ae871f1d-f02c-46b0-91dc-ce74380d0212":{"name":"Mejeri & Ost","id":"ae871f1d-f02c-46b0-91dc-ce74380d0212","retailerId":"256","children":["bfbef636-5374-459d-b977-9238216c124e","6a55818c-ea82-4455-b32f-0be369c8e832","144d947a-c898-4529-9cc6-20cce6905686","fa1fac8a-7e02-43f4-aeb4-8c9c7214bc79","b61dc3e1-13cf-40e2-8fc0-6a552470cfaa","641d4659-7a63-47db-b624-256dced5201b","54ac8235-abeb-4353-b34c-11af7211f227","c4a156dd-4714-4d83-87fa-1ba00710008a","84d26e8f-ab7b-4c52-b33e-a370dfe33199","97e643ac-cf44-405e-8589-f10b84c3f48f","451fb99f-01f9-4275-9bc7-ff655d2d1175","312d2f21-aba3-4053-8017-bbf239f2dfc0"],"fullURLPath":"Mejeri-Ost"},"dfb9da63-ec8c-4081-a86f-0d9efc851050":{"name":"BlÃ¶jor & TvÃ¤ttservetter","id":"dfb9da63-ec8c-4081-a86f-0d9efc851050","retailerId":"459","children":[],"fullURLPath":"Barn\u002FBlÃ¶jor-TvÃ¤ttservetter"},"7354efa0-777e-4138-8ece-bb813acf0a14":{"name":"Barnmat","id":"7354efa0-777e-4138-8ece-bb813acf0a14","retailerId":"435","children":[],"fullURLPath":"Barn\u002FBarnmat"},"691a9f3d-5000-4961-b6d9-b11d0feb6aec":{"name":"BarngrÃ¶t & VÃ¤lling","id":"691a9f3d-5000-4961-b6d9-b11d0feb6aec","retailerId":"445","children":[],"fullURLPath":"Barn\u002FBarngrÃ¶t-VÃ¤lling"},"7d5a5227-c0a7-4f2c-848a-f7fd96af3fa6":{"name":"MjÃ¶lkersÃ¤ttning","id":"7d5a5227-c0a7-4f2c-848a-f7fd96af3fa6","retailerId":"2184","children":[],"fullURLPath":"Barn\u002FMjÃ¶lkersÃ¤ttning"},"f01ce150-c64c-49e9-8cab-68cc43e2362b":{"name":"MellanmÃ¥l & Barndryck","id":"f01ce150-c64c-49e9-8cab-68cc43e2362b","retailerId":"2180","children":[],"fullURLPath":"Barn\u002FMellanmÃ¥l-Barndryck"},"1e7dca78-63cc-4277-934b-1b0cae8b0dd8":{"name":"Matning & BabytillbehÃ¶r","id":"1e7dca78-63cc-4277-934b-1b0cae8b0dd8","retailerId":"2154","children":[],"fullURLPath":"Barn\u002FMatning-BabytillbehÃ¶r"},"88dfd9b2-07db-4be7-b1c7-b2aca9da0e08":{"name":"Barn- & BabyvÃ¥rd","id":"88dfd9b2-07db-4be7-b1c7-b2aca9da0e08","retailerId":"2159","children":[],"fullURLPath":"Barn\u002FBarn-BabyvÃ¥rd"},"9ff2f0de-9891-4329-bb6b-f767327af14e":{"name":"Barn & UngdomsbÃ¶cker","id":"9ff2f0de-9891-4329-bb6b-f767327af14e","retailerId":"2932","children":[],"fullURLPath":"Barn\u002FBarn-UngdomsbÃ¶cker"},"67f5fc06-eb59-47b3-8503-d84de2f0a7ff":{"name":"Leksaker","id":"67f5fc06-eb59-47b3-8503-d84de2f0a7ff","retailerId":"3746","children":[],"fullURLPath":"Fritid\u002FLeksaker"},"4f9d3ccc-f3a1-4186-9ef6-e7f77d47eb25":{"name":"BarnklÃ¤der","id":"4f9d3ccc-f3a1-4186-9ef6-e7f77d47eb25","retailerId":"3923","children":[],"fullURLPath":"Barn\u002FBarnklÃ¤der"},"a9712095-b9fc-40ba-9401-3ffaa416e6dc":{"name":"Barnkalas","id":"a9712095-b9fc-40ba-9401-3ffaa416e6dc","retailerId":"3370","children":[],"fullURLPath":"Barn\u002FBarnkalas"},"825ef9f8-6260-4f05-a911-43c16b983561":{"name":"Barn","id":"825ef9f8-6260-4f05-a911-43c16b983561","retailerId":"434","children":["dfb9da63-ec8c-4081-a86f-0d9efc851050","7354efa0-777e-4138-8ece-bb813acf0a14","691a9f3d-5000-4961-b6d9-b11d0feb6aec","7d5a5227-c0a7-4f2c-848a-f7fd96af3fa6","f01ce150-c64c-49e9-8cab-68cc43e2362b","1e7dca78-63cc-4277-934b-1b0cae8b0dd8","88dfd9b2-07db-4be7-b1c7-b2aca9da0e08","9ff2f0de-9891-4329-bb6b-f767327af14e","67f5fc06-eb59-47b3-8503-d84de2f0a7ff","4f9d3ccc-f3a1-4186-9ef6-e7f77d47eb25","a9712095-b9fc-40ba-9401-3ffaa416e6dc"],"fullURLPath":"Barn"},"597fddd6-3632-48bc-a6a8-dba56e3667ec":{"name":"BageribrÃ¶d","id":"597fddd6-3632-48bc-a6a8-dba56e3667ec","retailerId":"2330","children":[],"fullURLPath":"BrÃ¶d-Kakor\u002FBageribrÃ¶d"},"6cf8a106-5b63-4ef4-a40c-1b6f90c25d92":{"name":"MatbrÃ¶d","id":"6cf8a106-5b63-4ef4-a40c-1b6f90c25d92","retailerId":"4329","children":[],"fullURLPath":"BrÃ¶d-Kakor\u002FMatbrÃ¶d"},"fad4984b-d031-4157-98e7-68b14dfb2e0f":{"name":"KorvbrÃ¶d, HamburgerbrÃ¶d & MatrÃ¤ttsbrÃ¶d","id":"fad4984b-d031-4157-98e7-68b14dfb2e0f","retailerId":"704","children":[],"fullURLPath":"BrÃ¶d-Kakor\u002FKorvbrÃ¶d-HamburgerbrÃ¶d-MatrÃ¤ttsbrÃ¶d"},"fb739705-8b59-475b-a859-485138037f28":{"name":"KaffebrÃ¶d","id":"fb739705-8b59-475b-a859-485138037f28","retailerId":"4355","children":[],"fullURLPath":"BrÃ¶d-Kakor\u002FKaffebrÃ¶d"},"e0bd21f8-6b3e-4183-910d-afae5e8a7aa1":{"name":"Kex & kakor","id":"e0bd21f8-6b3e-4183-910d-afae5e8a7aa1","retailerId":"703","children":[],"fullURLPath":"BrÃ¶d-Kakor\u002FKex-kakor"},"313774e6-3efb-4ba8-b31c-8e6637346121":{"name":"KnÃ¤ckebrÃ¶d & Skorpor","id":"313774e6-3efb-4ba8-b31c-8e6637346121","retailerId":"701","children":[],"fullURLPath":"BrÃ¶d-Kakor\u002FKnÃ¤ckebrÃ¶d-Skorpor"},"0e9c1da0-c559-497a-8863-e42420c2072b":{"name":"Glutenfritt brÃ¶d & Kakor","id":"0e9c1da0-c559-497a-8863-e42420c2072b","retailerId":"4334","children":[],"fullURLPath":"BrÃ¶d-Kakor\u002FGlutenfritt-brÃ¶d-Kakor"},"4661d4a3-e892-47e8-b707-d79b85204330":{"name":"BrÃ¶d & Kakor","id":"4661d4a3-e892-47e8-b707-d79b85204330","retailerId":"358","children":["275b89c3-a216-466c-beb5-f0eb959262c2","597fddd6-3632-48bc-a6a8-dba56e3667ec","6cf8a106-5b63-4ef4-a40c-1b6f90c25d92","fad4984b-d031-4157-98e7-68b14dfb2e0f","fb739705-8b59-475b-a859-485138037f28","e0bd21f8-6b3e-4183-910d-afae5e8a7aa1","313774e6-3efb-4ba8-b31c-8e6637346121","0e9c1da0-c559-497a-8863-e42420c2072b"],"fullURLPath":"BrÃ¶d-Kakor"},"694bad3a-5646-42f7-b6b7-61ec325c3577":{"name":"PortionsrÃ¤tter","id":"694bad3a-5646-42f7-b6b7-61ec325c3577","retailerId":"214","children":[],"fullURLPath":"FÃ¤rdigmat\u002FPortionsrÃ¤tter"},"854e252d-3291-4e44-9fbd-5d4b5acb71b2":{"name":"SmÃ¶rgÃ¥sar, smÃ¶rgÃ¥stÃ¥rtor & wraps","id":"854e252d-3291-4e44-9fbd-5d4b5acb71b2","retailerId":"245","children":[],"fullURLPath":"FÃ¤rdigmat\u002FSmÃ¶rgÃ¥sar-smÃ¶rgÃ¥stÃ¥rtor-wraps"},"2991942e-d049-4f34-8b04-3d45b273e115":{"name":"GratÃ¤ng & rÃ¶ror","id":"2991942e-d049-4f34-8b04-3d45b273e115","retailerId":"228","children":[],"fullURLPath":"FÃ¤rdigmat\u002FGratÃ¤ng-rÃ¶ror"},"de2d15ee-ccd2-45ba-acb4-d72cc55917d6":{"name":"Kylda sÃ¥ser","id":"de2d15ee-ccd2-45ba-acb4-d72cc55917d6","retailerId":"1944","children":[],"fullURLPath":"FÃ¤rdigmat\u002FKylda-sÃ¥ser"},"4d3f5cd5-642f-4821-a87d-3b230e6b815a":{"name":"GrÃ¶t & rullpack","id":"4d3f5cd5-642f-4821-a87d-3b230e6b815a","retailerId":"255","children":[],"fullURLPath":"FÃ¤rdigmat\u002FGrÃ¶t-rullpack"},"e4b0aa01-d38c-4c4d-aeb9-969bb328f5a9":{"name":"Pizzakit & kylda degar","id":"e4b0aa01-d38c-4c4d-aeb9-969bb328f5a9","retailerId":"1946","children":[],"fullURLPath":"FÃ¤rdigmat\u002FPizzakit-kylda-degar"},"d69e169b-3b12-4aa5-bc9c-deaf86581d85":{"name":"Glutenfri FÃ¤rdigmat","id":"d69e169b-3b12-4aa5-bc9c-deaf86581d85","retailerId":"2831","children":[],"fullURLPath":"FÃ¤rdigmat\u002FGlutenfri-FÃ¤rdigmat"},"d75778c3-836f-47c2-834a-4957711c8085":{"name":"FÃ¤rdigmat","id":"d75778c3-836f-47c2-834a-4957711c8085","retailerId":"208","children":["694bad3a-5646-42f7-b6b7-61ec325c3577","854e252d-3291-4e44-9fbd-5d4b5acb71b2","2991942e-d049-4f34-8b04-3d45b273e115","de2d15ee-ccd2-45ba-acb4-d72cc55917d6","4d3f5cd5-642f-4821-a87d-3b230e6b815a","e4b0aa01-d38c-4c4d-aeb9-969bb328f5a9","d69e169b-3b12-4aa5-bc9c-deaf86581d85"],"fullURLPath":"FÃ¤rdigmat"},"fb8f3551-3c6e-4444-98eb-d6a0f602e3c4":{"name":"Vatten","id":"fb8f3551-3c6e-4444-98eb-d6a0f602e3c4","retailerId":"318","children":[],"fullURLPath":"Dryck\u002FVatten"},"dd4ba234-dfb5-4e0a-b7e6-1532e91449a6":{"name":"LÃ¤sk","id":"dd4ba234-dfb5-4e0a-b7e6-1532e91449a6","retailerId":"307","children":[],"fullURLPath":"Dryck\u002FLÃ¤sk"},"cfda9f59-8be6-46c3-aad2-241cbc3ac893":{"name":"Stilldrink","id":"cfda9f59-8be6-46c3-aad2-241cbc3ac893","retailerId":"1224","children":[],"fullURLPath":"Dryck\u002FStilldrink"},"b97f41b8-4cf9-41f3-9edd-cca5a1592c02":{"name":"Energidryck & Sportdryck","id":"b97f41b8-4cf9-41f3-9edd-cca5a1592c02","retailerId":"2207","children":[],"fullURLPath":"TrÃ¤ning-ÃterhÃ¤mtning\u002FEnergidryck-Sportdryck"},"21260fff-408a-4908-b9b9-df97228b9e53":{"name":"Ãl, cider & must","id":"21260fff-408a-4908-b9b9-df97228b9e53","retailerId":"312","children":[],"fullURLPath":"Dryck\u002FÃl-cider-must"},"69f13858-b4d6-4560-843e-e3b603005010":{"name":"Vin","id":"69f13858-b4d6-4560-843e-e3b603005010","retailerId":"347","children":[],"fullURLPath":"Dryck\u002FVin"},"ad07ff9f-e4ed-4d54-9840-4aded0ba5352":{"name":"Kaffe, te & choklad","id":"ad07ff9f-e4ed-4d54-9840-4aded0ba5352","retailerId":"328","children":[],"fullURLPath":"Skafferi\u002FKaffe-te-choklad"},"91c77002-6fff-4e64-9305-d888dcf45c64":{"name":"Saft & Lightdryck","id":"91c77002-6fff-4e64-9305-d888dcf45c64","retailerId":"322","children":[],"fullURLPath":"Dryck\u002FSaft-Lightdryck"},"30c9e40b-5040-4a67-a197-f5ec8fcabc9a":{"name":"Drinkmix & koncentrat","id":"30c9e40b-5040-4a67-a197-f5ec8fcabc9a","retailerId":"352","children":[],"fullURLPath":"Dryck\u002FDrinkmix-koncentrat"},"6cebd247-8524-4fe2-a1a1-dc0841c2583d":{"name":"GlÃ¶gg","id":"6cebd247-8524-4fe2-a1a1-dc0841c2583d","retailerId":"1495","children":[],"fullURLPath":"Dryck\u002FGlÃ¶gg"},"538551f8-35de-4d8c-b5db-682f6323e275":{"name":"VÃ¤tskeersÃ¤ttning","id":"538551f8-35de-4d8c-b5db-682f6323e275","retailerId":"2063","children":[],"fullURLPath":"TrÃ¤ning-ÃterhÃ¤mtning\u002FVÃ¤tskeersÃ¤ttning"},"11f0e9b5-251a-4643-a2f9-c40d42e9efcc":{"name":"Dryck","id":"11f0e9b5-251a-4643-a2f9-c40d42e9efcc","retailerId":"306","children":["fb8f3551-3c6e-4444-98eb-d6a0f602e3c4","dd4ba234-dfb5-4e0a-b7e6-1532e91449a6","cfda9f59-8be6-46c3-aad2-241cbc3ac893","b97f41b8-4cf9-41f3-9edd-cca5a1592c02","21260fff-408a-4908-b9b9-df97228b9e53","69f13858-b4d6-4560-843e-e3b603005010","ad07ff9f-e4ed-4d54-9840-4aded0ba5352","91c77002-6fff-4e64-9305-d888dcf45c64","30c9e40b-5040-4a67-a197-f5ec8fcabc9a","6cebd247-8524-4fe2-a1a1-dc0841c2583d","312d2f21-aba3-4053-8017-bbf239f2dfc0","538551f8-35de-4d8c-b5db-682f6323e275"],"fullURLPath":"Dryck"},"2fa27cc7-d887-4bc6-8f56-f21b06453679":{"name":"All vÃ¤rldens mat","id":"2fa27cc7-d887-4bc6-8f56-f21b06453679","retailerId":"944","children":[],"fullURLPath":"Skafferi\u002FAll-vÃ¤rldens-mat"},"c13ea70e-e376-4146-92b4-fa3df224a79e":{"name":"Bakning","id":"c13ea70e-e376-4146-92b4-fa3df224a79e","retailerId":"947","children":[],"fullURLPath":"Skafferi\u002FBakning"},"271f6e44-114e-4a82-a6ef-3298e9cb2ad9":{"name":"Kryddor & smaksÃ¤ttare","id":"271f6e44-114e-4a82-a6ef-3298e9cb2ad9","retailerId":"943","children":[],"fullURLPath":"Skafferi\u002FKryddor-smaksÃ¤ttare"},"3ca72460-1c9f-455a-a429-1ca3210a598e":{"name":"Pasta, ris & mos","id":"3ca72460-1c9f-455a-a429-1ca3210a598e","retailerId":"942","children":[],"fullURLPath":"Skafferi\u002FPasta-ris-mos"},"e1847a75-9ffd-44ad-9cc6-b8a8bf06acc0":{"name":"Fisk & kÃ¶ttkonserver","id":"e1847a75-9ffd-44ad-9cc6-b8a8bf06acc0","retailerId":"2200","children":[],"fullURLPath":"Skafferi\u002FFisk-kÃ¶ttkonserver"},"c5f2a6e7-b6f8-479b-b840-741aa284655b":{"name":"GrÃ¶nsakskonserver","id":"c5f2a6e7-b6f8-479b-b840-741aa284655b","retailerId":"945","children":[],"fullURLPath":"Skafferi\u002FGrÃ¶nsakskonserver"},"d4cdc6bc-53fa-4919-973b-12fc9659c6d4":{"name":"NÃ¶tter & torkad frukt","id":"d4cdc6bc-53fa-4919-973b-12fc9659c6d4","retailerId":"1387","children":[],"fullURLPath":"Skafferi\u002FNÃ¶tter-torkad-frukt"},"a6be4393-37d4-433e-93d6-1d7e82596b2c":{"name":"BÃ¶nor, linser & frÃ¶er","id":"a6be4393-37d4-433e-93d6-1d7e82596b2c","retailerId":"941","children":[],"fullURLPath":"Skafferi\u002FBÃ¶nor-linser-frÃ¶er"},"61627cfc-dc84-4c27-9ebf-237b71966a76":{"name":"Flingor, mÃ¼sli & gryner","id":"61627cfc-dc84-4c27-9ebf-237b71966a76","retailerId":"940","children":[],"fullURLPath":"Skafferi\u002FFlingor-mÃ¼sli-gryner"},"01d9fd2d-655a-4d12-a170-814d2355880f":{"name":"Sylt, mos & marmelad","id":"01d9fd2d-655a-4d12-a170-814d2355880f","retailerId":"948","children":[],"fullURLPath":"Skafferi\u002FSylt-mos-marmelad"},"8e08eef1-4756-423f-84c0-6c068d1e1afc":{"name":"Desserter","id":"8e08eef1-4756-423f-84c0-6c068d1e1afc","retailerId":"949","children":[],"fullURLPath":"Skafferi\u002FDesserter"},"0943278f-9c31-4075-8b9c-e9f7b57afb17":{"name":"PÃ¥sar, Folie & BakplÃ¥tspapper","id":"0943278f-9c31-4075-8b9c-e9f7b57afb17","retailerId":"1714","children":[],"fullURLPath":"Skafferi\u002FPÃ¥sar-Folie-BakplÃ¥tspapper"},"08a38346-3534-4e27-bd8a-821fa909b8e6":{"name":"Skafferi","id":"08a38346-3534-4e27-bd8a-821fa909b8e6","retailerId":"939","children":["2fa27cc7-d887-4bc6-8f56-f21b06453679","c13ea70e-e376-4146-92b4-fa3df224a79e","271f6e44-114e-4a82-a6ef-3298e9cb2ad9","3ca72460-1c9f-455a-a429-1ca3210a598e","e1847a75-9ffd-44ad-9cc6-b8a8bf06acc0","c5f2a6e7-b6f8-479b-b840-741aa284655b","d4cdc6bc-53fa-4919-973b-12fc9659c6d4","a6be4393-37d4-433e-93d6-1d7e82596b2c","61627cfc-dc84-4c27-9ebf-237b71966a76","01d9fd2d-655a-4d12-a170-814d2355880f","8e08eef1-4756-423f-84c0-6c068d1e1afc","ad07ff9f-e4ed-4d54-9840-4aded0ba5352","0943278f-9c31-4075-8b9c-e9f7b57afb17"],"fullURLPath":"Skafferi"},"4d84a490-98e7-4d1c-923f-aa187b39a963":{"name":"Fryst fÃ¤rdigmat","id":"4d84a490-98e7-4d1c-923f-aa187b39a963","retailerId":"746","children":[],"fullURLPath":"Fryst\u002FFryst-fÃ¤rdigmat"},"2dfa5520-e689-4cc9-b6f0-e202c07aced5":{"name":"Fryst kÃ¶tt & burgare","id":"2dfa5520-e689-4cc9-b6f0-e202c07aced5","retailerId":"745","children":[],"fullURLPath":"Fryst\u002FFryst-kÃ¶tt-burgare"},"44d89897-7c23-4c31-b77e-b26191b42f06":{"name":"Fryst fÃ¥gel","id":"44d89897-7c23-4c31-b77e-b26191b42f06","retailerId":"744","children":[],"fullURLPath":"Fryst\u002FFryst-fÃ¥gel"},"c9d53986-ccb1-495b-833a-017cb4145eeb":{"name":"Fryst fisk & skaldjur","id":"c9d53986-ccb1-495b-833a-017cb4145eeb","retailerId":"742","children":[],"fullURLPath":"Fryst\u002FFryst-fisk-skaldjur"},"74aa3247-4d0e-4df9-90e3-e46ad60b39d7":{"name":"Frysta grÃ¶nsaker","id":"74aa3247-4d0e-4df9-90e3-e46ad60b39d7","retailerId":"645","children":[],"fullURLPath":"Fryst\u002FFrysta-grÃ¶nsaker"},"f869ac8e-c046-4b1d-ae56-2788a7580b24":{"name":"Fryst potatis","id":"f869ac8e-c046-4b1d-ae56-2788a7580b24","retailerId":"646","children":[],"fullURLPath":"Fryst\u002FFryst-potatis"},"b80b6df6-4da1-4a69-b00e-f79f8e3fb2f6":{"name":"Fryst frukt & bÃ¤r","id":"b80b6df6-4da1-4a69-b00e-f79f8e3fb2f6","retailerId":"749","children":[],"fullURLPath":"Fryst\u002FFryst-frukt-bÃ¤r"},"6d8cc2a9-2363-46d1-b756-7df485b5ed89":{"name":"Fryst brÃ¶d & dessert","id":"6d8cc2a9-2363-46d1-b756-7df485b5ed89","retailerId":"1336","children":[],"fullURLPath":"Fryst\u002FFryst-brÃ¶d-dessert"},"f4fcf9bf-a6d0-415d-9ae1-359e3c79a2ff":{"name":"FÃ¤rdig is","id":"f4fcf9bf-a6d0-415d-9ae1-359e3c79a2ff","retailerId":"2520","children":[],"fullURLPath":"Fryst\u002FFÃ¤rdig-is"},"88198a3b-b4ac-469d-9fdb-e144bea2ecc9":{"name":"Glass","id":"88198a3b-b4ac-469d-9fdb-e144bea2ecc9","retailerId":"2267","children":[],"fullURLPath":"Glass-Godis-Snacks\u002FGlass"},"7194027b-c314-4886-b2cf-a01de422742d":{"name":"Fryst","id":"7194027b-c314-4886-b2cf-a01de422742d","retailerId":"628","children":["4d84a490-98e7-4d1c-923f-aa187b39a963","2dfa5520-e689-4cc9-b6f0-e202c07aced5","44d89897-7c23-4c31-b77e-b26191b42f06","c9d53986-ccb1-495b-833a-017cb4145eeb","dcf646eb-d201-45db-a19c-57e71ad7449f","74aa3247-4d0e-4df9-90e3-e46ad60b39d7","f869ac8e-c046-4b1d-ae56-2788a7580b24","b80b6df6-4da1-4a69-b00e-f79f8e3fb2f6","6d8cc2a9-2363-46d1-b756-7df485b5ed89","f4fcf9bf-a6d0-415d-9ae1-359e3c79a2ff","88198a3b-b4ac-469d-9fdb-e144bea2ecc9"],"fullURLPath":"Fryst"},"5dad5c81-04ab-4048-a8b3-c87670c07203":{"name":"Godis","id":"5dad5c81-04ab-4048-a8b3-c87670c07203","retailerId":"432","children":[],"fullURLPath":"Glass-Godis-Snacks\u002FGodis"},"abfad4ad-011b-49cf-af79-9c3d120ab0a3":{"name":"Choklad","id":"abfad4ad-011b-49cf-af79-9c3d120ab0a3","retailerId":"414","children":[],"fullURLPath":"Glass-Godis-Snacks\u002FChoklad"},"78b33ae4-f572-43dd-abf2-a784625fe594":{"name":"Chips & snacks","id":"78b33ae4-f572-43dd-abf2-a784625fe594","retailerId":"424","children":[],"fullURLPath":"Glass-Godis-Snacks\u002FChips-snacks"},"5a2cb4c7-9f36-495d-ac97-ae7c323b9820":{"name":"Naturgodis & bars","id":"5a2cb4c7-9f36-495d-ac97-ae7c323b9820","retailerId":"431","children":[],"fullURLPath":"Glass-Godis-Snacks\u002FNaturgodis-bars"},"7d8913a7-134c-4392-9e57-fb985246990c":{"name":"Tuggummi","id":"7d8913a7-134c-4392-9e57-fb985246990c","retailerId":"419","children":[],"fullURLPath":"Glass-Godis-Snacks\u002FTuggummi"},"cfb1cf8d-f5db-4c05-aaf3-5e850935d0fc":{"name":"Halstabletter","id":"cfb1cf8d-f5db-4c05-aaf3-5e850935d0fc","retailerId":"1271","children":[],"fullURLPath":"Glass-Godis-Snacks\u002FHalstabletter"},"106e21e6-c238-46ec-b497-7053a1ad1f5c":{"name":"Glass, Godis & Snacks","id":"106e21e6-c238-46ec-b497-7053a1ad1f5c","retailerId":"399","children":["88198a3b-b4ac-469d-9fdb-e144bea2ecc9","5dad5c81-04ab-4048-a8b3-c87670c07203","abfad4ad-011b-49cf-af79-9c3d120ab0a3","78b33ae4-f572-43dd-abf2-a784625fe594","5a2cb4c7-9f36-495d-ac97-ae7c323b9820","7d8913a7-134c-4392-9e57-fb985246990c","cfb1cf8d-f5db-4c05-aaf3-5e850935d0fc"],"fullURLPath":"Glass-Godis-Snacks"},"7fa055cf-0f95-4826-9926-93974a877564":{"name":"Allergi","id":"7fa055cf-0f95-4826-9926-93974a877564","retailerId":"1093","children":[],"fullURLPath":"Apotek-HÃ¤lsa-SkÃ¶nhet\u002FAllergi"},"6cbb0b6f-1a14-49b1-a5e0-b890221d31ba":{"name":"FÃ¶rkylning","id":"6cbb0b6f-1a14-49b1-a5e0-b890221d31ba","retailerId":"3087","children":[],"fullURLPath":"Apotek-HÃ¤lsa-SkÃ¶nhet\u002FFÃ¶rkylning"},"39ceb1e3-d8cc-4604-ae9a-cdb1b98cb5b7":{"name":"VÃ¤rk & Feber","id":"39ceb1e3-d8cc-4604-ae9a-cdb1b98cb5b7","retailerId":"3084","children":[],"fullURLPath":"Apotek-HÃ¤lsa-SkÃ¶nhet\u002FVÃ¤rk-Feber"},"73024ce4-5bae-4264-8672-2a9ea207f58e":{"name":"RÃ¶kfri","id":"73024ce4-5bae-4264-8672-2a9ea207f58e","retailerId":"1091","children":[],"fullURLPath":"Apotek-HÃ¤lsa-SkÃ¶nhet\u002FRÃ¶kfri"},"fe903f75-7abd-4706-82ce-0b2397f3944d":{"name":"MagbesvÃ¤r","id":"fe903f75-7abd-4706-82ce-0b2397f3944d","retailerId":"3096","children":[],"fullURLPath":"Apotek-HÃ¤lsa-SkÃ¶nhet\u002FMagbesvÃ¤r"},"71802502-fd8b-4555-8438-64edc8794c05":{"name":"PlÃ¥ster & SÃ¥rvÃ¥rd","id":"71802502-fd8b-4555-8438-64edc8794c05","retailerId":"3269","children":[],"fullURLPath":"Apotek-HÃ¤lsa-SkÃ¶nhet\u002FPlÃ¥ster-SÃ¥rvÃ¥rd"},"ab39e700-7b2e-4c24-99e3-46b27359409e":{"name":"Ãgon & Ãron","id":"ab39e700-7b2e-4c24-99e3-46b27359409e","retailerId":"3299","children":[],"fullURLPath":"Apotek-HÃ¤lsa-SkÃ¶nhet\u002FÃgon-Ãron"},"f511fe4c-b3a1-4e3f-a4bd-a4e77266d84d":{"name":"StÃ¶d & HjÃ¤lpmedel","id":"f511fe4c-b3a1-4e3f-a4bd-a4e77266d84d","retailerId":"3295","children":[],"fullURLPath":"Apotek-HÃ¤lsa-SkÃ¶nhet\u002FStÃ¶d-HjÃ¤lpmedel"},"3847c145-7414-438e-8c59-137fb95dd92a":{"name":"Intimprodukter","id":"3847c145-7414-438e-8c59-137fb95dd92a","retailerId":"858","children":[],"fullURLPath":"Apotek-HÃ¤lsa-SkÃ¶nhet\u002FIntimprodukter"},"9e9eadaf-271c-4e8c-aeed-3d9d4f3319f1":{"name":"AnsiktsvÃ¥rd","id":"9e9eadaf-271c-4e8c-aeed-3d9d4f3319f1","retailerId":"3218","children":[],"fullURLPath":"Apotek-HÃ¤lsa-SkÃ¶nhet\u002FAnsiktsvÃ¥rd"},"281eb380-2f30-4cce-9a2b-2251e33a1893":{"name":"HudvÃ¥rd","id":"281eb380-2f30-4cce-9a2b-2251e33a1893","retailerId":"3098","children":[],"fullURLPath":"Apotek-HÃ¤lsa-SkÃ¶nhet\u002FHudvÃ¥rd"},"654504bc-adc8-4b93-947a-211898f0efb6":{"name":"HÃ¥rvÃ¥rd & Styling","id":"654504bc-adc8-4b93-947a-211898f0efb6","retailerId":"3235","children":[],"fullURLPath":"Apotek-HÃ¤lsa-SkÃ¶nhet\u002FHÃ¥rvÃ¥rd-Styling"},"b8f12755-68b0-44f5-8f74-71866f66249b":{"name":"MunvÃ¥rd","id":"b8f12755-68b0-44f5-8f74-71866f66249b","retailerId":"856","children":[],"fullURLPath":"Apotek-HÃ¤lsa-SkÃ¶nhet\u002FMunvÃ¥rd"},"0fe401e8-a2a3-4e00-a922-9682a5ca3b71":{"name":"RakvÃ¥rd & HÃ¥rborttagning","id":"0fe401e8-a2a3-4e00-a922-9682a5ca3b71","retailerId":"3274","children":[],"fullURLPath":"Apotek-HÃ¤lsa-SkÃ¶nhet\u002FRakvÃ¥rd-HÃ¥rborttagning"},"9c145098-7cac-41f4-8be2-b683368bc266":{"name":"Smink & nagelvÃ¥rd","id":"9c145098-7cac-41f4-8be2-b683368bc266","retailerId":"859","children":[],"fullURLPath":"Apotek-HÃ¤lsa-SkÃ¶nhet\u002FSmink-nagelvÃ¥rd"},"2e82bd32-359e-4747-9c3b-e5ca8a4a8403":{"name":"Solskydd","id":"2e82bd32-359e-4747-9c3b-e5ca8a4a8403","retailerId":"3283","children":[],"fullURLPath":"Apotek-HÃ¤lsa-SkÃ¶nhet\u002FSolskydd"},"c8ea1d36-45ea-47fa-81bd-aba13ecc36e8":{"name":"TvÃ¥l, Dusch & Deodorant","id":"c8ea1d36-45ea-47fa-81bd-aba13ecc36e8","retailerId":"3303","children":[],"fullURLPath":"Apotek-HÃ¤lsa-SkÃ¶nhet\u002FTvÃ¥l-Dusch-Deodorant"},"72b327e5-f8dd-4877-9332-e0cf58f3ec2f":{"name":"Vitaminer & HÃ¤lsokost","id":"72b327e5-f8dd-4877-9332-e0cf58f3ec2f","retailerId":"861","children":[],"fullURLPath":"Apotek-HÃ¤lsa-SkÃ¶nhet\u002FVitaminer-HÃ¤lsokost"},"5c6c4063-0420-48d6-bdbb-c8865ae4bee9":{"name":"Apotek, HÃ¤lsa & SkÃ¶nhet","id":"5c6c4063-0420-48d6-bdbb-c8865ae4bee9","retailerId":"629","children":["7fa055cf-0f95-4826-9926-93974a877564","6cbb0b6f-1a14-49b1-a5e0-b890221d31ba","39ceb1e3-d8cc-4604-ae9a-cdb1b98cb5b7","73024ce4-5bae-4264-8672-2a9ea207f58e","fe903f75-7abd-4706-82ce-0b2397f3944d","71802502-fd8b-4555-8438-64edc8794c05","ab39e700-7b2e-4c24-99e3-46b27359409e","f511fe4c-b3a1-4e3f-a4bd-a4e77266d84d","3847c145-7414-438e-8c59-137fb95dd92a","9e9eadaf-271c-4e8c-aeed-3d9d4f3319f1","281eb380-2f30-4cce-9a2b-2251e33a1893","654504bc-adc8-4b93-947a-211898f0efb6","b8f12755-68b0-44f5-8f74-71866f66249b","0fe401e8-a2a3-4e00-a922-9682a5ca3b71","9c145098-7cac-41f4-8be2-b683368bc266","2e82bd32-359e-4747-9c3b-e5ca8a4a8403","c8ea1d36-45ea-47fa-81bd-aba13ecc36e8","72b327e5-f8dd-4877-9332-e0cf58f3ec2f"],"fullURLPath":"Apotek-HÃ¤lsa-SkÃ¶nhet"},"172d8b04-158b-43e4-ba7e-c5b779de21c2":{"name":"Energi","id":"172d8b04-158b-43e4-ba7e-c5b779de21c2","retailerId":"3324","children":[],"fullURLPath":"TrÃ¤ning-ÃterhÃ¤mtning\u002FEnergi"},"e575759a-274a-4405-9b2c-854af6c9f16b":{"name":"Proteinbars","id":"e575759a-274a-4405-9b2c-854af6c9f16b","retailerId":"2064","children":[],"fullURLPath":"TrÃ¤ning-ÃterhÃ¤mtning\u002FProteinbars"},"2cccc456-3e43-4d12-b0f6-bfc128b997bc":{"name":"Proteinpulver & Ãvriga tillskott","id":"2cccc456-3e43-4d12-b0f6-bfc128b997bc","retailerId":"3319","children":[],"fullURLPath":"TrÃ¤ning-ÃterhÃ¤mtning\u002FProteinpulver-Ãvriga-tillskott"},"37291e32-d356-4995-a397-4ad924d95bd5":{"name":"FÃ¤rdig proteindryck","id":"37291e32-d356-4995-a397-4ad924d95bd5","retailerId":"3322","children":[],"fullURLPath":"TrÃ¤ning-ÃterhÃ¤mtning\u002FFÃ¤rdig-proteindryck"},"2d3342ff-ca76-4244-9d10-538de3f82df8":{"name":"ProteinmÃ¥l","id":"2d3342ff-ca76-4244-9d10-538de3f82df8","retailerId":"1933","children":[],"fullURLPath":"TrÃ¤ning-ÃterhÃ¤mtning\u002FProteinmÃ¥l"},"c693ba70-1f94-440a-b1d0-5a48d23b6a3f":{"name":"ÃterhÃ¤mtning","id":"c693ba70-1f94-440a-b1d0-5a48d23b6a3f","retailerId":"3341","children":[],"fullURLPath":"TrÃ¤ning-ÃterhÃ¤mtning\u002FÃterhÃ¤mtning"},"c8ea6857-b2c3-426b-a826-95fc6b528598":{"name":"TrÃ¤ningsredskap","id":"c8ea6857-b2c3-426b-a826-95fc6b528598","retailerId":"3735","children":[],"fullURLPath":"TrÃ¤ning-ÃterhÃ¤mtning\u002FTrÃ¤ningsredskap"},"93483b52-eacd-4bc7-9106-dad0b24c715c":{"name":"TrÃ¤ning & ÃterhÃ¤mtning","id":"93483b52-eacd-4bc7-9106-dad0b24c715c","retailerId":"3318","children":["172d8b04-158b-43e4-ba7e-c5b779de21c2","b97f41b8-4cf9-41f3-9edd-cca5a1592c02","e575759a-274a-4405-9b2c-854af6c9f16b","2cccc456-3e43-4d12-b0f6-bfc128b997bc","37291e32-d356-4995-a397-4ad924d95bd5","2d3342ff-ca76-4244-9d10-538de3f82df8","538551f8-35de-4d8c-b5db-682f6323e275","c693ba70-1f94-440a-b1d0-5a48d23b6a3f","c8ea6857-b2c3-426b-a826-95fc6b528598"],"fullURLPath":"TrÃ¤ning-ÃterhÃ¤mtning"},"607dc0cd-ef06-4e2b-a1e5-b98100db9d4e":{"name":"Katt","id":"607dc0cd-ef06-4e2b-a1e5-b98100db9d4e","retailerId":"495","children":[],"fullURLPath":"Djur\u002FKatt"},"5d3c02d1-5de5-4127-bdb0-ed1afe3ff187":{"name":"Hund","id":"5d3c02d1-5de5-4127-bdb0-ed1afe3ff187","retailerId":"492","children":[],"fullURLPath":"Djur\u002FHund"},"8f8478a8-50a4-420d-a0dd-804a284222bd":{"name":"SmÃ¥djur","id":"8f8478a8-50a4-420d-a0dd-804a284222bd","retailerId":"499","children":[],"fullURLPath":"Djur\u002FSmÃ¥djur"},"fc1248dc-cc75-4473-940f-0567ba981d50":{"name":"FÃ¥gelmat & TillbehÃ¶r","id":"fc1248dc-cc75-4473-940f-0567ba981d50","retailerId":"500","children":[],"fullURLPath":"Djur\u002FFÃ¥gelmat-TillbehÃ¶r"},"a22f18db-def3-4611-8f5f-ea4b3a75bd0e":{"name":"DjurvÃ¥rd","id":"a22f18db-def3-4611-8f5f-ea4b3a75bd0e","retailerId":"3234","children":[],"fullURLPath":"Djur\u002FDjurvÃ¥rd"},"496f799b-87b0-454f-a9e9-01d91bfaf9a6":{"name":"Djur","id":"496f799b-87b0-454f-a9e9-01d91bfaf9a6","retailerId":"491","children":["607dc0cd-ef06-4e2b-a1e5-b98100db9d4e","5d3c02d1-5de5-4127-bdb0-ed1afe3ff187","8f8478a8-50a4-420d-a0dd-804a284222bd","fc1248dc-cc75-4473-940f-0567ba981d50","a22f18db-def3-4611-8f5f-ea4b3a75bd0e"],"fullURLPath":"Djur"},"3d220e3b-4620-4624-bd06-5c13ad5e5891":{"name":"StÃ¤d","id":"3d220e3b-4620-4624-bd06-5c13ad5e5891","retailerId":"516","children":[],"fullURLPath":"StÃ¤d-TvÃ¤tt-Papper\u002FStÃ¤d"},"a211b9b4-b0dd-45ba-8a2d-82231f763c7e":{"name":"TvÃ¤tt","id":"a211b9b4-b0dd-45ba-8a2d-82231f763c7e","retailerId":"796","children":[],"fullURLPath":"StÃ¤d-TvÃ¤tt-Papper\u002FTvÃ¤tt"},"7f58b1a0-0620-434f-8caa-1501558004d9":{"name":"Disk","id":"7f58b1a0-0620-434f-8caa-1501558004d9","retailerId":"815","children":[],"fullURLPath":"StÃ¤d-TvÃ¤tt-Papper\u002FDisk"},"dbdce173-598c-4fa0-b437-8b0fc2398e23":{"name":"Toalett & HushÃ¥llspapper","id":"dbdce173-598c-4fa0-b437-8b0fc2398e23","retailerId":"522","children":[],"fullURLPath":"StÃ¤d-TvÃ¤tt-Papper\u002FToalett-HushÃ¥llspapper"},"f85d576e-6b50-4fca-99f8-ab2cb7336eda":{"name":"StÃ¤d, TvÃ¤tt & Papper","id":"f85d576e-6b50-4fca-99f8-ab2cb7336eda","retailerId":"515","children":["3d220e3b-4620-4624-bd06-5c13ad5e5891","a211b9b4-b0dd-45ba-8a2d-82231f763c7e","7f58b1a0-0620-434f-8caa-1501558004d9","dbdce173-598c-4fa0-b437-8b0fc2398e23"],"fullURLPath":"StÃ¤d-TvÃ¤tt-Papper"},"5dd30bcb-3059-4181-a5fd-8927c7e14049":{"name":"Duka & Servera","id":"5dd30bcb-3059-4181-a5fd-8927c7e14049","retailerId":"1516","children":[],"fullURLPath":"KÃ¶k\u002FDuka-Servera"},"99bd04b2-1748-4b93-a9b5-077bd38cb887":{"name":"EngÃ¥ngsartiklar","id":"99bd04b2-1748-4b93-a9b5-077bd38cb887","retailerId":"566","children":[],"fullURLPath":"KÃ¶k\u002FEngÃ¥ngsartiklar"},"251b7c3f-15de-4145-81fc-662f166f6c8b":{"name":"MatfÃ¶rvaring","id":"251b7c3f-15de-4145-81fc-662f166f6c8b","retailerId":"3463","children":[],"fullURLPath":"KÃ¶k\u002FMatfÃ¶rvaring"},"5364d14b-adc8-42fa-a854-021f3b58ea32":{"name":"Ugnsformar & Bakformar","id":"5364d14b-adc8-42fa-a854-021f3b58ea32","retailerId":"1515","children":[],"fullURLPath":"KÃ¶k\u002FUgnsformar-Bakformar"},"5af70b5b-a9cb-4ad1-86d6-6d913692fe48":{"name":"HusgerÃ¥d & KÃ¶ksredskap","id":"5af70b5b-a9cb-4ad1-86d6-6d913692fe48","retailerId":"563","children":[],"fullURLPath":"KÃ¶k\u002FHusgerÃ¥d-KÃ¶ksredskap"},"fe721bc5-26af-4960-800c-37266f01e041":{"name":"Kastruller & Stekpannor","id":"fe721bc5-26af-4960-800c-37266f01e041","retailerId":"558","children":[],"fullURLPath":"KÃ¶k\u002FKastruller-Stekpannor"},"2d7c5a5b-2243-465d-bd09-8befabf4549e":{"name":"KÃ¶kstextil","id":"2d7c5a5b-2243-465d-bd09-8befabf4549e","retailerId":"3459","children":[],"fullURLPath":"KÃ¶k\u002FKÃ¶kstextil"},"aedeff18-28f4-40de-8852-60d4568a193b":{"name":"KÃ¶ksmaskiner","id":"aedeff18-28f4-40de-8852-60d4568a193b","retailerId":"617","children":[],"fullURLPath":"KÃ¶k\u002FKÃ¶ksmaskiner"},"674a2588-f4d1-44a0-9dff-e96c41d11952":{"name":"Ãta ute","id":"674a2588-f4d1-44a0-9dff-e96c41d11952","retailerId":"3736","children":[],"fullURLPath":"KÃ¶k\u002FÃta-ute"},"0a804162-78ef-4f3f-9eaf-3a4c5070e12c":{"name":"KÃ¶k","id":"0a804162-78ef-4f3f-9eaf-3a4c5070e12c","retailerId":"557","children":["5dd30bcb-3059-4181-a5fd-8927c7e14049","99bd04b2-1748-4b93-a9b5-077bd38cb887","251b7c3f-15de-4145-81fc-662f166f6c8b","5364d14b-adc8-42fa-a854-021f3b58ea32","5af70b5b-a9cb-4ad1-86d6-6d913692fe48","fe721bc5-26af-4960-800c-37266f01e041","2d7c5a5b-2243-465d-bd09-8befabf4549e","aedeff18-28f4-40de-8852-60d4568a193b","674a2588-f4d1-44a0-9dff-e96c41d11952"],"fullURLPath":"KÃ¶k"},"1f43c3ae-cd3c-4576-afa6-b878a8afef5a":{"name":"Inredningsdetaljer","id":"1f43c3ae-cd3c-4576-afa6-b878a8afef5a","retailerId":"3535","children":[],"fullURLPath":"Hem-Inredning\u002FInredningsdetaljer"},"451b7d0f-70f6-45fe-86c4-1785a0cdb06a":{"name":"Belysning","id":"451b7d0f-70f6-45fe-86c4-1785a0cdb06a","retailerId":"3497","children":[],"fullURLPath":"Hem-Inredning\u002FBelysning"},"3383c069-c566-44aa-a7df-b2da74fccdc6":{"name":"Hemtextil","id":"3383c069-c566-44aa-a7df-b2da74fccdc6","retailerId":"3526","children":[],"fullURLPath":"Hem-Inredning\u002FHemtextil"},"a1934c11-63c3-479b-af4c-75db08953036":{"name":"Sovrum","id":"a1934c11-63c3-479b-af4c-75db08953036","retailerId":"3632","children":[],"fullURLPath":"Hem-Inredning\u002FSovrum"},"f1d943bc-14a6-4d98-b733-c9dafeea3c3d":{"name":"Badrum","id":"f1d943bc-14a6-4d98-b733-c9dafeea3c3d","retailerId":"3488","children":[],"fullURLPath":"Hem-Inredning\u002FBadrum"},"fc13c420-0a5d-461d-a7e4-a2d2043ca903":{"name":"FÃ¶rvaring","id":"fc13c420-0a5d-461d-a7e4-a2d2043ca903","retailerId":"3529","children":[],"fullURLPath":"Hem-Inredning\u002FFÃ¶rvaring"},"6f505ae2-6833-4ddf-82c6-0fe04552a01f":{"name":"BrandsÃ¤kerhet","id":"6f505ae2-6833-4ddf-82c6-0fe04552a01f","retailerId":"3522","children":[],"fullURLPath":"Hem-Inredning\u002FBrandsÃ¤kerhet"},"33ce3dca-c695-4933-b58b-991a4484c5b2":{"name":"KlÃ¤der & Accessoarer","id":"33ce3dca-c695-4933-b58b-991a4484c5b2","retailerId":"3534","children":[],"fullURLPath":"Hem-Inredning\u002FKlÃ¤der-Accessoarer"},"2e2b6adc-2b35-4ec3-9fe8-1d2a8081de1d":{"name":"Kontor, Hobby & Pyssel","id":"2e2b6adc-2b35-4ec3-9fe8-1d2a8081de1d","retailerId":"3587","children":[],"fullURLPath":"Hem-Inredning\u002FKontor-Hobby-Pyssel"},"cd91f27a-17ef-46d2-8a48-0efe99504714":{"name":"Paketinslagning","id":"cd91f27a-17ef-46d2-8a48-0efe99504714","retailerId":"3623","children":[],"fullURLPath":"Hem-Inredning\u002FPaketinslagning"},"8fb28e2a-dc87-4395-a848-3a058f44be79":{"name":"Hem & Inredning","id":"8fb28e2a-dc87-4395-a848-3a058f44be79","retailerId":"2514","children":["1f43c3ae-cd3c-4576-afa6-b878a8afef5a","451b7d0f-70f6-45fe-86c4-1785a0cdb06a","3383c069-c566-44aa-a7df-b2da74fccdc6","a1934c11-63c3-479b-af4c-75db08953036","f1d943bc-14a6-4d98-b733-c9dafeea3c3d","fc13c420-0a5d-461d-a7e4-a2d2043ca903","6f505ae2-6833-4ddf-82c6-0fe04552a01f","33ce3dca-c695-4933-b58b-991a4484c5b2","2e2b6adc-2b35-4ec3-9fe8-1d2a8081de1d","cd91f27a-17ef-46d2-8a48-0efe99504714"],"fullURLPath":"Hem-Inredning"},"89741b87-e808-48b0-b4d3-ee6dae8f5787":{"name":"Hemelektronik & Batterier","id":"89741b87-e808-48b0-b4d3-ee6dae8f5787","retailerId":"3686","children":[],"fullURLPath":"Fritid\u002FHemelektronik-Batterier"},"d0a73312-c30f-4e09-bb0f-322d292f0541":{"name":"Fixa","id":"d0a73312-c30f-4e09-bb0f-322d292f0541","retailerId":"3685","children":[],"fullURLPath":"Fritid\u002FFixa"},"b27c3a5d-5639-4fde-bb48-9866ccf35f67":{"name":"BiltillbehÃ¶r","id":"b27c3a5d-5639-4fde-bb48-9866ccf35f67","retailerId":"3679","children":[],"fullURLPath":"Fritid\u002FBiltillbehÃ¶r"},"b9147147-cb73-458e-a9f9-358a911ee059":{"name":"CykeltillbehÃ¶r & HjÃ¤lmar","id":"b9147147-cb73-458e-a9f9-358a911ee059","retailerId":"4029","children":[],"fullURLPath":"Fritid\u002FCykeltillbehÃ¶r-HjÃ¤lmar"},"ea036a61-7e0b-4537-8d8c-018e33fa7586":{"name":"Uteliv","id":"ea036a61-7e0b-4537-8d8c-018e33fa7586","retailerId":"3721","children":[],"fullURLPath":"Fritid\u002FUteliv"},"c34c422a-4320-4ba0-b381-8601665ceb0d":{"name":"Grill","id":"c34c422a-4320-4ba0-b381-8601665ceb0d","retailerId":"624","children":[],"fullURLPath":"Fritid\u002FGrill"},"27a68684-ed78-4d9a-b5fe-4de5f73c66d9":{"name":"BÃ¶cker & Tidningar","id":"27a68684-ed78-4d9a-b5fe-4de5f73c66d9","retailerId":"3745","children":[],"fullURLPath":"Fritid\u002FBÃ¶cker-Tidningar"},"464f28e9-6a84-4afb-87c8-70b632793d6d":{"name":"Fritid","id":"464f28e9-6a84-4afb-87c8-70b632793d6d","retailerId":"2515","children":["89741b87-e808-48b0-b4d3-ee6dae8f5787","d0a73312-c30f-4e09-bb0f-322d292f0541","b27c3a5d-5639-4fde-bb48-9866ccf35f67","b9147147-cb73-458e-a9f9-358a911ee059","ea036a61-7e0b-4537-8d8c-018e33fa7586","c34c422a-4320-4ba0-b381-8601665ceb0d","67f5fc06-eb59-47b3-8503-d84de2f0a7ff","27a68684-ed78-4d9a-b5fe-4de5f73c66d9"],"fullURLPath":"Fritid"},"0659aede-b00d-4b0b-b37c-d9e81c88ab0a":{"name":"Snittblommor","id":"0659aede-b00d-4b0b-b37c-d9e81c88ab0a","retailerId":"4124","children":[],"fullURLPath":"Blommor-TrÃ¤dgÃ¥rd\u002FSnittblommor"},"cb11330a-73d0-46f2-a063-5dbadb34eae6":{"name":"KrukvÃ¤xter & Blomsterarrangemang","id":"cb11330a-73d0-46f2-a063-5dbadb34eae6","retailerId":"4125","children":[],"fullURLPath":"Blommor-TrÃ¤dgÃ¥rd\u002FKrukvÃ¤xter-Blomsterarrangemang"},"c513de0f-ed00-4128-8e03-7261f358b268":{"name":"BlomtillbehÃ¶r","id":"c513de0f-ed00-4128-8e03-7261f358b268","retailerId":"4153","children":[],"fullURLPath":"Blommor-TrÃ¤dgÃ¥rd\u002FBlomtillbehÃ¶r"},"8741152e-1852-44db-9521-9ad60ba596ce":{"name":"Odla & Plantera","id":"8741152e-1852-44db-9521-9ad60ba596ce","retailerId":"3846","children":[],"fullURLPath":"Blommor-TrÃ¤dgÃ¥rd\u002FOdla-Plantera"},"2baae9fb-c6d8-4eae-a5c1-3c181440f861":{"name":"TrÃ¤dgÃ¥rdsskÃ¶tsel","id":"2baae9fb-c6d8-4eae-a5c1-3c181440f861","retailerId":"3847","children":[],"fullURLPath":"Blommor-TrÃ¤dgÃ¥rd\u002FTrÃ¤dgÃ¥rdsskÃ¶tsel"},"0cc782f3-1578-4824-86ac-0bf193738ae5":{"name":"Uteplats","id":"0cc782f3-1578-4824-86ac-0bf193738ae5","retailerId":"3848","children":[],"fullURLPath":"Blommor-TrÃ¤dgÃ¥rd\u002FUteplats"},"6681b15a-39f1-4040-bb5f-3ac1340e494b":{"name":"Blommor & TrÃ¤dgÃ¥rd","id":"6681b15a-39f1-4040-bb5f-3ac1340e494b","retailerId":"2371","children":["0659aede-b00d-4b0b-b37c-d9e81c88ab0a","cb11330a-73d0-46f2-a063-5dbadb34eae6","c513de0f-ed00-4128-8e03-7261f358b268","8741152e-1852-44db-9521-9ad60ba596ce","2baae9fb-c6d8-4eae-a5c1-3c181440f861","0cc782f3-1578-4824-86ac-0bf193738ae5"],"fullURLPath":"Blommor-TrÃ¤dgÃ¥rd"},"0b9f27c7-1600-4989-9f5a-29a7b5332929":{"name":"Snus","id":"0b9f27c7-1600-4989-9f5a-29a7b5332929","retailerId":"1630","children":[],"fullURLPath":"Tobak\u002FSnus"},"1ffa8b9d-437e-455e-be07-274941ade23f":{"name":"Snus utan tobak","id":"1ffa8b9d-437e-455e-be07-274941ade23f","retailerId":"3062","children":[],"fullURLPath":"Tobak\u002FSnus-utan-tobak"},"338c7176-5374-40ad-b0dc-2c71d4979bf5":{"name":"TÃ¤ndare & TÃ¤ndstickor","id":"338c7176-5374-40ad-b0dc-2c71d4979bf5","retailerId":"1698","children":[],"fullURLPath":"Tobak\u002FTÃ¤ndare-TÃ¤ndstickor"},"8a50ed25-8c8a-447e-a1a7-7dc9e8ed534e":{"name":"Tobak","id":"8a50ed25-8c8a-447e-a1a7-7dc9e8ed534e","retailerId":"1627","children":["0b9f27c7-1600-4989-9f5a-29a7b5332929","1ffa8b9d-437e-455e-be07-274941ade23f","338c7176-5374-40ad-b0dc-2c71d4979bf5"],"fullURLPath":"Tobak"}},"categoryEvent":null,"error":null},"checkoutWalk":{"isFetching":false,"fetchError":false,"didInvalidate":false,"lastUpdated":null,"data":{}},"content":{"categoryPage":{"isFetching":false,"fetchError":false,"didInvalidate":false,"lastUpdated":1701346988516,"advertisingBanners":{"aboveGrid":[],"withinGrid":[]}},"searchPage":{"isFetching":false,"fetchError":false,"didInvalidate":false,"lastUpdated":null,"advertisingBanners":{"aboveGrid":[],"withinGrid":[]}},"promotionsPage":{"isFetching":false,"fetchError":false,"didInvalidate":false,"lastUpdated":null,"adverts":{"aboveGrid":[],"withinGrid":[]}},"homepage":{"isFetching":false,"fetchError":false,"didInvalidate":false,"lastUpdated":null,"adverts":{"hero":[],"leftSideOffGrid":[],"aboveGrid":[],"withinGrid":[]}},"favoritesPage":{"isFetching":false,"fetchError":false,"didInvalidate":false,"lastUpdated":null,"adverts":{"aboveGrid":[],"withinGrid":[]}},"staticContentPage":{"isFetching":false,"fetchError":false,"didInvalidate":false,"lastUpdated":null,"content":"","pageId":null},"communicationBlock":{"isFetching":false,"fetchError":false,"didInvalidate":false,"lastUpdated":1701346988556,"entities":[{"id":217,"type":"IN_PAGE","name":"Maxi ICA Stormarknad Bromma","content":"\u003Cstyle\u003E\n\t\thtml, body\n\t\t{\n\t\t\tmargin: 0;\n\t\t\tpadding: 0;\n\t\t}\n\t\tbody {\n\t\t\tbackground-color: #f9f5f5;\n\t\t}\n\t\t\n\t\t\n\t\t.gcs-ica {\n\t\t\tdisplay: flex;\n\t\t\tbox-sizing: content-box;\n\t\t\theight: 48px;\n\t\t\tpadding: 8px 0;\n\t\t\tbackground-color: #fff;\n\t\t\t\n\t\t}\n\t\t.gcs-ica-col {\n\t\t\tflex-basis: auto;\n\t\t\tpadding-left: 8px;\n\t\t\tpadding-right: 8px;\n\t\t}\n\t\t.gcs-ica-col span {\n\t\t\tdisplay: block;\n\t\t\theight: 100%;\n\t\t\ttext-align: center;\n\t\t\tborder-radius: 4px;\n\t\t}\n\t\t.gcs-ica-col-store_pattern {\n\t\t\tflex-grow: 1;\n\t\t}\n\t\t.gcs-ica-col-store_pattern span {\n\t\t\tbackground-image: url(\"https:\u002F\u002Fassets.icanet.se\u002Fq_auto,f_auto\u002FOnline-editor\u002Fgcs\u002FMaxi\u002Fstorepattern-maxi-original.png\");\n\t\t\tbackground-size: cover;\n\t\t\tbackground-position: center right;\n\t\t\tbackground-repeat: no-repeat;\n\t\t}\n\t\t.gcs-ica-col-store_name {\n\t\t\tposition: absolute;\n\t\t\tleft: 50%;\n\t\t\ttransform: translateX(-50%);\n\t\t\tline-height: 0;\n\t\t}\n\t\t.gcs-ica-col-store_name span.gcs-ica-corner-container {\n\t\t\tdisplay: block;\n\t\t\tposition: relative;\n\t\t\tpadding: 0 24px;\n\t\t\tbackground-color: #fff;\n\t\t}\n\t\t.gcs-ica-col-store_name span.gcs-ica-corner {\n\t\t\tdisplay: block;\n\t\t\tposition: relative;\n\t\t}\n\t\t.gcs-ica-col-store_name span.gcs-ica-corner::before {\n\t\t\tcontent: \"\";\n\t\t\tposition: absolute;\n\t\t\theight: 8px;\n\t\t\twidth: 8px;\n\t\t\tbackground-color: transparent;\n\t\t}\n\t\t.gcs-ica-col-store_name span.gcs-ica-corner-1::before {\n\t\t\ttop: 0;\n\t\t\tleft: -32px;\n\t\t\tborder-top-right-radius: 4px;\n\t\t\tbox-shadow: 0 -4px 0 0 #fff;\n\t\t}\n\t\t.gcs-ica-col-store_name span.gcs-ica-corner-2::before {\n\t\t\ttop: 0;\n\t\t\tright: -32px;\n\t\t\tborder-top-left-radius: 4px;\n\t\t\tbox-shadow: 0 -4px 0 0 #fff;\n\t\t}\n\t\t.gcs-ica-col-store_name span.gcs-ica-corner-3::before {\n\t\t\tbottom: 0;\n\t\t\tleft: -32px;\n\t\t\tborder-bottom-right-radius: 4px;\n\t\t\tbox-shadow: 0 4px 0 0 #fff;\n\t\t}\n\t\t.gcs-ica-col-store_name span.gcs-ica-corner-4::before {\n\t\t\tbottom: 0;\n\t\t\tright: -32px;\n\t\t\tborder-bottom-left-radius: 4px;\n\t\t\tbox-shadow: 0 4px 0 0 #fff;\n\t\t}\n\t\t.gcs-ica-col-store_name span img {\n\t\t\theight: 48px;\n\t\t}\n\t\t.gcs-ica-col-store_logo {\n\t\t\tflex-grow: 0;\n\t\t}\n\t\t.gcs-ica-col-store_logo span {\n\t\t\twidth: 48px;\n\t\t\theight: 100%;\n\t\t\tbackground-image: url(\"https:\u002F\u002Fassets.icanet.se\u002Fq_auto,f_auto\u002FOnline-editor\u002Fgcs\u002FMaxi\u002Fstorelogo-maxi.png\");\n\t\t\tbackground-size: 100% 100%;\n\t\t\tbackground-repeat: no-repeat;\n\t\t}\n\t\t.gcs-ica-col-store_owner {\n\t\t\tflex-grow: 0;\n\t\t}\n\t\t.gcs-ica-col-store_owner span {\n\t\t\twidth: 48px;\n\t\t\theight: 100%;\n\t\t\tbackground-image: url(\"https:\u002F\u002Fassets.icanet.se\u002Fq_auto,f_auto\u002FOnline-editor\u002Fgcs\u002FIca-kasse.png\");\n\t\t\tbackground-size: 100% 100%;\n\t\t\tbackground-repeat: no-repeat;\n\t\t\tbox-shadow: 0px 1px 2px 0px rgba(0, 0, 0, .24);\n\t\t}\n\t\t\n\t\t@media (max-width: 991px) {\n\t\t\t.gcs-ica {\n\t\t\t\theight: 32px;\n\t\t\t}\n\t\t\t.gcs-ica-col-store_name span img {\n\t\t\t\theight: 32px;\n\t\t\t}\n\t\t\t.gcs-ica-col-store_logo span,\n\t\t\t.gcs-ica-col-store_owner span {\n\t\t\t\twidth: 32px;\n\t\t\t\theight: 32px;\n\t\t\t}\n\t\t}\n\t\t\n\t\t@media (max-width: 540px) {\n\t\t\t.gcs-ica-col-store_name span.gcs-ica-corner-container {\n\t\t\t\tpadding: 0 8px;\n\t\t\t}\n\t\t\t.gcs-ica-col-store_name span.gcs-ica-corner-1::before,\n\t\t\t.gcs-ica-col-store_name span.gcs-ica-corner-3::before {\n\t\t\t\tleft: -24px;\n\t\t\t}\n\t\t\t.gcs-ica-col-store_name span.gcs-ica-corner-2::before,\n\t\t\t.gcs-ica-col-store_name span.gcs-ica-corner-4::before {\n\t\t\t\tright: -24px;\n\t\t\t}\n\t\t}\n\t\t\n\t\t@media (max-width: 414px) {\n\t\t\t.gcs-ica-col-store_name {\n\t\t\t\tleft: 0%;\n\t\t\t\ttransform: translateX(0%);\n\t\t\t}\n\t\t\t.gcs-ica-col-store_pattern span {\n\t\t\t\tdisplay: none;\n\t\t\t}\n\t\t}\n    \u003C\u002Fstyle\u003E\n    \n    \u003Cdiv class=\"gcs-ica\"\u003E\n\t\t\u003Cdiv class=\"gcs-ica-col gcs-ica-col-store_pattern\"\u003E\n\t\t\t\u003Cspan\u003E\u003C\u002Fspan\u003E\n\t\t\u003C\u002Fdiv\u003E\n\t\t\u003Cdiv class=\"gcs-ica-col-store_name\"\u003E\n\t\t\t\u003Cspan class=\"gcs-ica-corner-container\"\u003E\n\t\t\t\t\u003Cspan class=\"gcs-ica-corner gcs-ica-corner-1\"\u003E\n\t\t\t\t\t\u003Cspan class=\"gcs-ica-corner gcs-ica-corner-2\"\u003E\n\t\t\t\t\t\t\u003Cspan class=\"gcs-ica-corner gcs-ica-corner-3\"\u003E\n\t\t\t\t\t\t\t\u003Cspan class=\"gcs-ica-corner gcs-ica-corner-4\"\u003E\n\t\t\t\t\t\t\t\t\u003Cimg alt=\"Maxi ICA Stormarknad Bromma\" src=\"https:\u002F\u002Fassets.icanet.se\u002Fq_auto,f_auto\u002FOnline-editor\u002Fgcs\u002FMaxi\u002FMaxi%20ICA%20Stormarknad%20Bromma\u002FMaxi_ICA_Stormarknad_Bromma.png\"\u003E\n\t\t\t\t\t\t\t\u003C\u002Fspan\u003E\n\t\t\t\t\t\t\u003C\u002Fspan\u003E\n\t\t\t\t\t\u003C\u002Fspan\u003E\n\t\t\t\t\u003C\u002Fspan\u003E\n\t\t\t\u003C\u002Fspan\u003E\n\t\t\u003C\u002Fdiv\u003E\n\t\t\u003Cdiv class=\"gcs-ica-col gcs-ica-col-store_logo\"\u003E\n\t\t\t\u003Cspan\u003E\u003C\u002Fspan\u003E\n\t\t\u003C\u002Fdiv\u003E\n\t\t\u003Cdiv class=\"gcs-ica-col gcs-ica-col-store_owner\"\u003E\n\t\t\t\u003Cspan\u003E\u003C\u002Fspan\u003E\n\t\t\u003C\u002Fdiv\u003E\n\t\u003C\u002Fdiv\u003E"},{"id":477,"type":"HEADER","name":"Emergency banner - FÃ¶rsenad leverans EHL Brunna","content":"\u003Cdiv style=\"display:flex;background-color:#fdf5be\"\u003E \u003Cdiv style=\"background-color:#fdc411;display:flex;align-items:center\"\u003E \u003Cimg src=\"https:\u002F\u002Fassets.icanet.se\u002Fimage\u002Fupload\u002Fv1642159803\u002FOnline-editor\u002FEmergency-banner\u002FWarning.webp\"\u003E \u003C\u002Fdiv\u003E \u003Cp style=\"margin:15px 20px 15px 20px;line-height:22px;font-family:'ica text ny'\"\u003EPÃ¥ grund av rÃ¥dande vÃ¤derlÃ¤ge riskerar din leverans bli fÃ¶rsenad. Tack fÃ¶r ditt tÃ¥lamod!\u003C\u002Fp\u003E\u003C\u002Fdiv\u003E"}]},"contentBlocks":{"isFetching":false,"fetchError":false,"didInvalidate":false,"lastUpdated":null,"blocks":[]},"footer":{"isFetching":false,"fetchError":false,"didInvalidate":false,"lastUpdated":1701346988522,"links":{"sections":[{"title":"Kundservice","links":[{"value":"kundservice","text":"Vanliga frÃ¥gor & svar","linkType":"CMS_STATIC_PAGE","openInNewTab":false},{"value":"fragor-om-inloggning-och-losenord","text":"Inloggning och lÃ¶senord","linkType":"CMS_STATIC_PAGE","openInNewTab":false},{"value":"fragor-om-returer-och-reklamation","text":"Retur- och reklamationer","linkType":"CMS_STATIC_PAGE","openInNewTab":false},{"value":"https:\u002F\u002Fwww.ica.se\u002Fhandlaonline-kopvillkor\u002F","text":"KÃ¶pvillkor","linkType":"ABSOLUTE_WEB_ADDRESS","openInNewTab":false}]},{"title":"Hur handlar jag?","links":[{"value":"fragor-om-att-handla","text":"FrÃ¥gor om att handla","linkType":"CMS_STATIC_PAGE","openInNewTab":false},{"value":"fragor-om-min-bestallning","text":"FrÃ¥gor om min bestÃ¤llning","linkType":"CMS_STATIC_PAGE","openInNewTab":false},{"value":"fragor-om-leverans","text":"LeveransfrÃ¥gor","linkType":"CMS_STATIC_PAGE","openInNewTab":false},{"value":"fragor-om-sortiment-och-priser","text":"Sortiment- och prisfrÃ¥gor","linkType":"CMS_STATIC_PAGE","openInNewTab":false}]},{"title":"Om oss","links":[{"value":"butiksinfo","text":"Butiksinfo","linkType":"CMS_STATIC_PAGE","openInNewTab":false}]}],"contact":{"value":"kundservice","linkType":"CMS_STATIC_PAGE","openInNewTab":false},"feedback":"","social":[{"serviceId":"FACEBOOK","profileUrl":"https:\u002F\u002Ffacebook.com\u002Fmaxiicabromma\u002F","tooltip":"FACEBOOK"},{"serviceId":"INSTAGRAM","profileUrl":"https:\u002F\u002Finstagram.com\u002Ficasverige","tooltip":"INSTAGRAM"}]}},"productDetailsPage":{"adverts":{},"featuredProducts":{}},"topTabs":{"isFetching":false,"fetchError":false,"didInvalidate":false,"lastUpdated":1701346988509,"data":[{"id":2553,"label":"MAXI ICA Stormarknad Bromma","labelHidden":false,"target":{"openInNewTab":false},"iconUrl":"https:\u002F\u002Fhandlaprivatkund.ica.se\u002Fassets\u002Fcontent\u002Fbf7a00ca-390e-4769-865f-dc369586872e\u002Ftabs\u002F7686b892-4e60-4636-bb00-8f8417aaff23\u002F71d953013a.jpeg","default":true,"targetURL":"","isExternalLink":false},{"id":4090,"label":"Kundservice","labelHidden":false,"target":{"linkType":"CMS_STATIC_PAGE","value":"kundservice","openInNewTab":false},"iconUrl":"https:\u002F\u002Fhandlaprivatkund.ica.se\u002Fassets\u002Fcontent\u002Fbf7a00ca-390e-4769-865f-dc369586872e\u002Ftabs\u002F6f5e2cfc-122e-46bb-a605-ea8f3e6ea5dd\u002F16b742af40.jpeg","default":false,"targetURL":"\u002Fcontent\u002Fkundservice","isExternalLink":false,"encodedTargetValue":"kundservice"},{"id":3228,"label":"Butiksinfo","labelHidden":false,"target":{"linkType":"CMS_STATIC_PAGE","value":"butiksinfo","openInNewTab":false},"iconUrl":"https:\u002F\u002Fhandlaprivatkund.ica.se\u002Fassets\u002Fcontent\u002Fbf7a00ca-390e-4769-865f-dc369586872e\u002Ftabs\u002F96465906-0f1a-499f-a5a3-7d7d70deacb8\u002Fad54d7e5e4.jpeg","default":false,"targetURL":"\u002Fcontent\u002Fbutiksinfo","isExternalLink":false,"encodedTargetValue":"butiksinfo"},{"id":3922,"label":"Startsida ICA.se","labelHidden":false,"target":{"linkType":"ABSOLUTE_WEB_ADDRESS","value":"https:\u002F\u002Fwww.ica.se\u002F","openInNewTab":true},"iconUrl":"https:\u002F\u002Fhandlaprivatkund.ica.se\u002Fassets\u002Fcontent\u002Fbf7a00ca-390e-4769-865f-dc369586872e\u002Ftabs\u002F4e35e681-ee72-449e-9be3-7bed9b755d3d\u002F9f800a56f2.jpeg","default":false,"targetURL":"https:\u002F\u002Fwww.ica.se\u002F","isExternalLink":true,"encodedTargetValue":"https:\u002F\u002Fwww.ica.se\u002F"},{"id":2554,"label":"Handla som fÃ¶retag","labelHidden":false,"target":{"linkType":"ABSOLUTE_WEB_ADDRESS","value":"https:\u002F\u002Fhandlaforetag.ica.se\u002Fstores\u002F1015001","openInNewTab":false},"iconUrl":"https:\u002F\u002Fhandlaprivatkund.ica.se\u002Fassets\u002Fcontent\u002Fbf7a00ca-390e-4769-865f-dc369586872e\u002Ftabs\u002Ff780d613-3ddb-482c-ba7d-79f665f53906\u002F54b1cfea5f.jpeg","default":false,"targetURL":"https:\u002F\u002Fhandlaforetag.ica.se\u002Fstores\u002F1015001","isExternalLink":true,"encodedTargetValue":"https:\u002F\u002Fhandlaforetag.ica.se\u002Fstores\u002F1015001"},{"id":3754,"label":"Byt butik","labelHidden":false,"target":{"linkType":"ABSOLUTE_WEB_ADDRESS","value":"https:\u002F\u002Fhandla.ica.se\u002F?chooseStore=true","openInNewTab":false},"iconUrl":"https:\u002F\u002Fhandlaprivatkund.ica.se\u002Fassets\u002Fcontent\u002Fbf7a00ca-390e-4769-865f-dc369586872e\u002Ftabs\u002F6807fbed-8a28-4510-a1e6-686ccfbd152e\u002Fbcea272766.jpeg","default":false,"targetURL":"https:\u002F\u002Fhandla.ica.se\u002F?chooseStore=true","isExternalLink":true,"encodedTargetValue":"https:\u002F\u002Fhandla.ica.se\u002F?choosestore=true"},{"id":9170,"label":"Stammis pÃ¥ ICA","labelHidden":false,"target":{"linkType":"CMS_STATIC_PAGE","value":"stammis","openInNewTab":false},"iconUrl":"https:\u002F\u002Fhandlaprivatkund.ica.se\u002Fassets\u002Fcontent\u002Fbf7a00ca-390e-4769-865f-dc369586872e\u002Ftabs\u002Fd693ac0e-03cf-4ee8-95f0-fb476e643910\u002F72c9853296.jpeg","default":false,"targetURL":"\u002Fcontent\u002Fstammis","isExternalLink":false,"encodedTargetValue":"stammis"}]},"menuCampaigns":{"isFetching":false,"fetchError":false,"didInvalidate":false,"lastUpdated":null,"campaigns":[]},"slotBookingPage":{"isFetching":false,"fetchError":false,"didInvalidate":false,"lastUpdated":null,"adverts":{"belowGrid":[]}}},"customer":{"details":{"isFetching":false,"fetchError":false,"didInvalidate":false,"lastUpdated":null,"data":{}},"addresses":{"isFetching":false,"fetchError":false,"didInvalidate":false,"lastUpdated":null,"data":[]},"addressDetails":{"isFetching":false,"fetchError":false,"didInvalidate":false,"lastUpdated":null,"data":{}},"addressValidation":{"isFetching":false,"fetchError":false,"didInvalidate":false,"lastUpdated":null,"data":{"formattedAddress":"","id":"","additionalInformation":""}},"loyalty":{"isFetching":false,"fetchError":false,"didInvalidate":false,"lastUpdated":null},"marketingPreferences":{"isFetching":false,"fetchError":false,"didInvalidate":false,"lastUpdated":null,"preferences":[]},"marketingPreferencesV2":{"isFetching":false,"fetchError":false,"didInvalidate":false,"lastUpdated":null,"preferences":{"communicationPreferences":[],"marketingPreferences":{}}},"marketingPreferencesV3":{"isFetching":false,"fetchError":false,"didInvalidate":false,"lastUpdated":null,"preferences":{"endpointEnabled":null,"sections":[],"preferences":[]}},"preferences":{"isFetching":false,"fetchError":false,"didInvalidate":false,"lastUpdated":null,"data":{}},"wallet":{"isFetching":false,"fetchError":false,"didInvalidate":false,"lastUpdated":null,"items":[]},"regulars":{"regulars":{"data":[]},"list":{},"addToRegularsModal":{"productId":""},"actionInProgress":[]},"basketPreferences":{"isFetching":false,"fetchError":false,"didInvalidate":false,"lastUpdated":null,"data":{"basketView":null,"skipMultipleDeliveriesModal":false},"error":null}},"delivery":{"supportedDeliveryTypes":{"isFetching":false,"fetchError":false,"didInvalidate":false,"lastUpdated":null,"deliveryTypes":{}},"clickAndCollect":{"collectionPoints":{"entities":{},"filters":[{"id":"cncId","labelId":"delivery.collection.type.collectionPoint.text","selected":false,"sortOrder":0,"supportedType":"SERVICED"},{"id":"lockerId","labelId":"delivery.collection.type.locker.text","selected":false,"sortOrder":1,"supportedType":"LOCKER","requiredFeatureFlag":"cptfl"},{"id":"mobileId","labelId":"delivery.collection.type.mobile.text","selected":false,"sortOrder":2,"supportedType":"MOBILE","requiredFeatureFlag":"cptfm"}],"nearbyCollectionPointsStatus":{"isFetching":false,"fetchError":false,"didInvalidate":false,"lastUpdated":null},"collectionPointsStatus":{"isFetching":false,"fetchError":false,"didInvalidate":false,"lastUpdated":null},"nearbyCollectionPointsOrder":[],"nearbyCollectionPointsOrderWithDistance":[],"collectionPointsOrder":[],"geocodeLookupComplete":false,"activeAddressId":null},"search":{"error":null,"lastUpdated":null,"query":null,"result":null}},"homeDelivery":{"deliveryAddresses":{"isFetching":false,"fetchError":false,"didInvalidate":false,"lastUpdated":null,"addresses":[]}},"destinations":{"homeDelivery":{"isFetching":false,"fetchError":false,"didInvalidate":false,"lastUpdated":null,"data":{}},"customerCollection":{"isFetching":false,"fetchError":false,"didInvalidate":false,"lastUpdated":null,"data":{}},"selectedDeliveryDestination":{"isFetching":false,"fetchError":false,"didInvalidate":false,"lastUpdated":null}},"nextAvailableSlot":{"isFetching":false,"fetchError":false,"didInvalidate":false,"lastUpdated":null,"data":null},"slotbooking":{"isFetching":false,"fetchError":false,"didInvalidate":false,"lastUpdated":null,"data":{},"pendingSlotListingRequests":0,"lastSlotListingRequestStartTime":null,"successRequestParams":null},"defaultShippingGroup":{"isFetching":false,"fetchError":false,"didInvalidate":false,"lastUpdated":null,"value":null}},"deliveryPass":{"benefitGroupsAddresses":{"isFetching":false,"fetchError":false,"didInvalidate":false,"lastUpdated":null,"error":null,"data":[]},"benefits":{"isFetching":false,"fetchError":false,"didInvalidate":false,"lastUpdated":null,"error":null},"subscription":{"isFetching":false,"fetchError":false,"didInvalidate":false,"lastUpdated":null,"error":null},"selectedSubscription":{"isFetching":false,"fetchError":false,"didInvalidate":false,"lastUpdated":null,"error":null}},"favorite":{"isFetching":false,"fetchError":false,"didInvalidate":false,"lastUpdated":null},"feedback":{"feedbackCategories":[{"id":"1","type":"technicalIssue"},{"id":"2","type":"usability"},{"id":"3","type":"featureSuggestion"}]},"locale":{"isFetching":false,"fetchError":false,"didInvalidate":false,"lastUpdated":1701346988503,"active":"sv-SE","strings":{"refunds.refund-request-header.title":"BegÃ¤r Ã¥terbetalning","basket.empty.message":"Din varukorg Ã¤r tom","toggleablepromotions.modal.subtitle.description.general":"TillÃ¤mpas pÃ¥ alla produkter i bestÃ¤llningen","checkout.summary.payment.options.payAtDelivery.info":"","order.details.refund-request-not-possible-this-time":"Det gÃ¥r inte att begÃ¤ra Ã¥terbetalning just nu.","recurring.orders.sign.up.next.button":"","checkout.summary.recurring.order.payment.saveForAll.checkbox":"AnvÃ¤nd den hÃ¤r betalningsmetoden fÃ¶r framtida Ã¥terkommande varor.","addresses.add.dialog.close":"OK","addresses.add.dialog.message":"Du har redan det maximalt tillÃ¥tna antalet adresser. Ta bort en av dina befintliga adresser innan du fÃ¶rsÃ¶ker lÃ¤gga till en ny.","address.form.field.street":"Gata","reviews.fetchError.body":"Ett fel intrÃ¤ffade nÃ¤r recensionerna fÃ¶r produkten skulle lÃ¤sas in. Kontrollera internetanslutningen och fÃ¶rsÃ¶k igen.","recurring.orders.sign.up.closing.confirmation.content":"","refunds.fop.label.average":"genomsnittligt","recurring.orders.sign.up.learn.more.smart.content":"","vouchers.validation.failure.invalid.characters":"Det Ã¤r inte en giltig kod. Kontrollera din rabattkod","slotbooking.table.week.days.wed":"Ons","vouchers.validation.failure.voucher.exists.for.code.condition":"Rabattkoden hittades inte. Kontrollera om rabattkoden Ã¤r korrekt angiven.","promotions.button":"Erbjudanden","edit.order.modal.continue":"FortsÃ¤tt","checkout.summary.delivery.address.label":"Adress","vouchers.validation.failure.no.legal.to.promote.items":"Alla produkter i kundvagnen Ã¤r undantagna frÃ¥n kampanjen (till exempel cigaretter och alkohol). Rabattkoden kan inte anvÃ¤ndas fÃ¶r den hÃ¤r bestÃ¤llningen.","orders.list.card.status.future.editable":"Ãndra fÃ¶re: {editUntil}","refunds.item-selection-modal.optional-comment.placeholder":"Skriv en kommentar","orders.list.card.accessibility.title.label":"Visa bestÃ¤llning","logged.in.home.page.configurable.card.error.title":"NÃ¥got gick fel","recipe.details.caloriesPerServing":"{calories} kcal\u002Fportion","order.details.refund-request-card.refund-request-unavailable":"Det finns ingen Ã¥terbetalningsbegÃ¤ran tillgÃ¤nglig fÃ¶r den hÃ¤r bestÃ¤llningen. Kontakta oss direkt om nÃ¥got Ã¤r fel med bestÃ¤llningen.","orders.list.link.details":"BestÃ¤llningsuppgifter","order.online.receipt.payment.accessibility.card":"{cardType}-kort med slutsiffrorna {last4Digits} och utgÃ¥ngsdatum {cardExpiryDate}","regular.noRegulars.explanationCards.3.body":"Produkten kommer automatiskt att lÃ¤ggas till i din kundvagn. Du kan nÃ¤r som helst vÃ¤lja att ta bort en Ã¥terkommande produkt. BestÃ¤llning sker fÃ¶rst nÃ¤r du sjÃ¤lv har godkÃ¤nt kÃ¶pet.","settings.address.book.add.modal.submit.aria.label":"LÃ¤gg till en adress","basket.merge.limited.availability":"Enbart {addedAmount} av {requestedAmount} tillgÃ¤ngliga","checkout.3ds.iframe.title":"3D Secure Payment","payment.modal.price.inclusive.tax":"{amount} (inkl. moms)","checkout.summary.save.payment.details.link.text":"policy om sÃ¤ker lagring av betalningsuppgifter","payment.card.description":"Ditt {cardName}-kort med slutsiffrorna {cardNumber} och utgÃ¥ngsdatum {cardExpiryDate}","regular.removeAllModal.cancel":"Avbryt","checkout.summary.pharmacy.modal.confirmation-required.remove-item.button":"","favorites.title":"Dina favoriter","bop.out.of.stock.button":"Slut i lager","orders.list.cancel.order.modal.dismiss":"Tillbaka","delivery.destination.selector.button.missing.address.line2":"leveransadress","settings.address.postcode.required.error.a11y":"Postnummer krÃ¤vs","delivery.pass.subscription.button":"KÃ¶p nu","regular.frequency.ariaLabel":"Hur ofta {productName} kommer att lÃ¤ggas till i varukorgen","category.meta.descriptionTagline":"Utforska och handla fÃ¶r att fÃ¥ fantastiska erbjudanden, rabatter med mera. Handla hos oss idag och fÃ¥ hemleverans!","order.details.returned.items.title":"ÃterlÃ¤mnat","checkout.summary.age.confirmation.warning":"BestÃ¤llningen innehÃ¥ller Ã¥ldersbegrÃ¤nsade produkter. Intyga din Ã¥lder fÃ¶r att gÃ¶ra bestÃ¤llningen","shopping.list.prices.tax.inclusive":"*Alla priser Ã¤r inklusive moms","reviews.bop.ratingSummary.header":"HelhetsomdÃ¶me","additional.details.modal.phone.format.error":"Ange ett giltigt telefonnummer","catalogue.products.heading":"Lista Ã¶ver produkter","regular.onboarding.noRegulars.modal.explanationCards.2.header":"2. LÃ¤gg till som Ã¥terkommande","delivery.home.address.select.button.alternative":"Leverera till {addressNickName}","bop.field.title.manufacturer":"Tillverkare","checkout.3ds.summary.redirect.warning.text":"LÃ¤mna inte sidan. BestÃ¤llningen skapas och detta kan ta flera sekunder. Om sidan inte svarar pÃ¥ ett tag kan du","recurring.orders.sign.up.summary.payment.button":"VÃ¤lj betalningsmetod","bop.product.info":"Produktinformation","orders.list.card.status.future.other.under.edit":"Ãndra fÃ¶re: {editUntil}","logged.in.home.page.card.loyalty.schemeName":" {amount} poÃ¤ng","bottom.sheet.filter.button.clear.all":"Rensa alla","basket.overview.header.list.accessibility.item.title":"","slotbooking.modal.oos.vouchers.title":"Rabattkoder","slotbooking.oos.change.slot.button":"Byt leveranstid\u002F-sÃ¤tt","bop.field.title.welfareDetails":"VÃ¤lfÃ¤rdsuppgifter","registration.registrationField.externalMarketing.title":"Extern marknadsfÃ¶ring","promotion.details.group.title.all.items.added.singular":"1 vara tillagd","coupons.page.header":"Du har 1 kupong","braintree.field.card.number.empty.message":"Detta fÃ¤lt fÃ¥r inte vara tomt","regular.removeAllRegularsModal.error":"Ett problem uppstod. FÃ¶rsÃ¶k igen.","address.form.field.streetNumber":"Nummer","reviews.oldest":"Ãldsta fÃ¶rst","promotion.details.status.unavailable":"Erbjudandet Ã¤r inte tillgÃ¤ngligt fÃ¶r tillfÃ¤llet","settings.wallet.add.item.failure.paypal":"Kunde inte lÃ¤gga till PayPal","slotbooking.modal.oos.final.price":"Ny totalsumma: {amount}","filter.accessibility.bottom.sheet.back.button":"Tillbaka","shopping.list.max.products.in.list":"Varan har inte lagts till. Det gÃ¥r inte att lÃ¤gga till fler Ã¤n {maxProducts} varor i en lista.","slotbooking.table.week.days.fri":"Fre","delivery.destination.address.search.placeholder":"Till exempel XXXXX","validation.delivery.instructions.restricted.chars":"AnvÃ¤nd enbart bokstÃ¤ver, siffror och dessa tecken: .,!?()'_=+#~:;@%^&amp;*-\u002F","basket.overview.header.list.accessibility.hidden.products.counter":"","regular.addToRegularsModal.success.ariaLabel":"{productName} kommer att lÃ¤ggas till i kundvagnen frÃ¥n nÃ¤sta mÃ¥ndag","canceled.recurring-order-definition.reference-box.text":"Den hÃ¤r bestÃ¤llningen har skapats av en borttagen Ã¥terkommande bestÃ¤llning","settings.address.book.add.modal.undeliverable":"Vi levererar inte till denna adress Ã¤n. SÃ¶k efter en annan plats.","bop.field.title.vinificationDetails":"Uppgifter om vinframstÃ¤llningen","settings.loyalty.heading":"Bonus","logged.in.home.page.order.card.under.edit.subtitle":"Du kan gÃ¶ra Ã¤ndringar i denna bestÃ¤llning fram till","fop.offer.label":"Erbjudande","fop.added.missed.promotion.not.complete.text.alternative":"{quantity} har lagts till, {offerMessage}, {basketQuantity} av {requiredQuantity} har lagts till","orders.list.card.status.delivery.ontime":"Leverans i tid â {time}","additional.details.page.button":"LÃ¤gg till uppgifter","cookie.policy.purpose.intro":"Om cookies och liknande tekniker: Vi anvÃ¤nder cookies, vilket Ã¤r filer som sparas i din webblÃ¤sare pÃ¥ din dator, mobil eller surfplatta. Liknande tekniker som vi anvÃ¤nder Ã¤r till exempel pixeltaggar, vilket Ã¤r transparenta bilder som kan finnas pÃ¥ hemsidor.","recipe.details.method.heading":"GÃ¶r sÃ¥ hÃ¤r","settings.update.marketing.preferences.error":"NÃ¥got gick fel. FÃ¶rsÃ¶k igen.","order.continue.checkout.to.save.changes":"GÃ¥ till kassan fÃ¶r att spara Ã¤ndringarna","request.error.message":"Ett problem har uppstÃ¥tt, vi kan inte behandla den hÃ¤r begÃ¤ran just nu. Ãterkom om en liten stund.","order.rebook.order.under.edit.modal.title":"Du Ã¤ndrar din bestÃ¤llning","orders.list.page.heading.slot":"Leveranstid","delivery.destination.changeConfirmation.header.title":"LeveranssÃ¤ttet har uppdaterats","order.details.refund.request-items.details-modal.quantity":"Antal","checkout.summary.modal.paymentBuffer.button":"FortsÃ¤tt","payment.failed.select.payment.method":"VÃ¤lj en betalningsmetod.","recipe.searchPage.retryText":"Prova med ett annat sÃ¶kord eller blÃ¤ddra i vÃ¥ra receptsamlingar","navigation.favorites":"Dina favoriter","slotbooking.table.week.days.tue":"Tis","order.details.refund.request-items.details-modal.header":"ÃterbetalningsfÃ¶rfrÃ¥gan","shopinshop.not.found.description":"Den hÃ¤r butikssidan verkar inte finnas lÃ¤ngre. BlÃ¤ddra bland vÃ¥ra kategorier eller sÃ¶k efter en produkt.","orders.list.card.status.delivery.earlier":"Tidig leverans â {time}","search.placeholder":"SÃ¶k produkt","delivery.destination.homepage.check.card.subtitle":"Se produkterna och alternativen fÃ¶r leverans eller utlÃ¤mningsstÃ¤llen som Ã¤r tillgÃ¤ngliga fÃ¶r dig.","bop.catch.weight.unit.g":"g","checkout.summary.payment.options.invoice.accessibility.radio.label":"","address.form.field.townCity":"Stad","delivery.home.page.title":"","coupons.page.no.coupons.found.title":"Inga kuponger tillgÃ¤ngliga","guaranteed.product.life.description.month.one":"1 mÃ¥nads hÃ¥llbarhet garanteras","settings.delivery.pass.auto.renew.off.plan.terminated.message":"Din {pass} lÃ¶per ut {expiryDate}. Denna plan Ã¤r inte lÃ¤ngre tillgÃ¤nglig, nÃ¤r den gÃ¥r ut kan du klicka pÃ¥ Se mer fÃ¶r att se nya planer.","checkout.summary.payment.method.label.pay.by.card":"Betala med kort","deposit.badge":"Pant {price}","loyalty.modal.heading":"BonuspoÃ¤ng","user.contactDetails.secondSurname.placeholder":"Ditt andra efternamn","slotbooking.oos.products.title":"FÃ¶ljande produkter finns inte tillgÃ¤ngliga","braintree.tokenize.network.error.message":"Ett fel intrÃ¤ffade nÃ¤r vi behandlade dina uppgifter. FÃ¶rsÃ¶k igen","order.details.warning.edit":"Klicka pÃ¥ Ãndra bestÃ¤llning INNAN du gÃ¶r Ã¤ndringar i din bestÃ¤llning.","settings.loyalty.manage.alternative":"Information om bonusprogrammet, Ã¶ppnas i ett nytt fÃ¶nster","loyalty.modal.configurable.spend.placeholder":"Ange ett antal","recurring.orders.sign.up.title":"","settings.loyalty.manage":"Bonusprogram","slotbooking.temporary.delivery.destination.description":"Om du vill se tillgÃ¤ngliga leveranstider lÃ¤gger du till dina adressuppgifter eller vÃ¤ljer bland dina sparade adresser.","bottom.sheet.filter.selected.filters.title":"Valda filter","checkout.summary.recurring.order.frequency.label":"Frekvens","checkout.summary.concierge.delivery.notification.optional":"(valfritt)","settings.loyalty.balance":"Bonus","vouchers.validation.failure.global.count.condition":"Det hÃ¤r rabatterbjudandet gÃ¤ller inte lÃ¤ngre","order.online.receipt.accessibility.item.price.original":"Ursprungligt pris: {price}","vouchers.validation.failure.checkout.date.condition":"Rabattkoden Ã¤r ogiltig. Kontrollera fÃ¶r vilka datum rabatterbjudandet gÃ¤ller","summary.deposit.charge":"Pant","calendar.next.month":"NÃ¤sta mÃ¥nad: {month}","reviews.highestrated":"HÃ¶gsta omdÃ¶me fÃ¶rst","regular.addToRegularsForm.addToTrolley":"LÃ¤gg till i kundvagn","order.details.heading.canceled":"Du avbrÃ¶t den hÃ¤r bestÃ¤llningen","settings.address.book.edit.modal.title":"Ãndra","delivery.destination.changeConfirmation.cancel.button":"Avbryt","header.order.status.savings":"Rabatter: {amount}","basket.below.threshold.error":"Du har Ã¤nnu inte uppnÃ¥tt vÃ¥rt minsta bestÃ¤llningsbelopp ({threshold}). LÃ¤gg till fler produkter fÃ¶r att kunna lÃ¤gga bestÃ¤llningen.","lister-page.title":"Produktsortiment","settings.wallet.remove.item.error":"NÃ¥got gick fel. FÃ¶rsÃ¶k igen.","delivery.destination.selectedMethod.collection.header":"UtlÃ¤mning","settings.wallet.remove.item.modal.submit":"Ta bort","checkout.summary.basket.summary.charges":"Vi har lagt till en avgift pÃ¥ {charge} i din bestÃ¤llning fÃ¶r att tÃ¤cka kostnaderna fÃ¶r antalet kassar.","settings.sidebar.marketing":"Aviseringar","checkout.summary.payment.options.payNow.accessibility.radio.label":"","order.details.refund-request-items.status.rejected":"Avvisade:","checkout.summary.discounts.voucher":"Rabattkod","settings.delivery.pass.subscription.auto.renew.modal.confirm.button":"BekrÃ¤fta","fop.time.restricted":"ÃldersbegrÃ¤nsad","subscription.delivery.pass.ends.auto.renew.off.message":"Din {pass} gÃ¥r ut den {expiryDate}.","order.rebook.modal.basket.has.items.modal.title":"Du har varor i din varukorg","coupons.page.onboarding.description":"Ingen sax krÃ¤vs.","settings.addresses.alert.nondeliverable":"Vi levererar tyvÃ¤rr inte till den hÃ¤r adressen Ã¤n","bop.field.title.currentVintage":"ÃrgÃ¥ng","additional.product.charge.description":"APC tillkommer","recipe.collectionDetails.recipes.not.found.button.label":"Alla recept","reviews.bop.previousPage.accessibility":"Se fÃ¶regÃ¥ende sida.","shopping.lists.form.delete.submit.button":"Ta bort","basket.remove.out.of.stock.items.button.text":"Ta bort varor som Ã¤r slut pÃ¥ lager","recipe.recipesCollectionsPage.loadMoreButton":"LÃ¤s in fler samlingar","checkout.summary.payment.options.cardsAndPaypal.accessibility.radio.label":"Kort och PayPal. GodkÃ¤nda kort: Visa, Mastercard","slotbooking.items.unavailable.title":"Boka leveranstid","checkout.summary.payment.method.title":"TillfÃ¤llig reservation","order.details.heading.scratched":"Vi avbrÃ¶t den hÃ¤r bestÃ¤llningen","settings.delivery.pass.auto.renew.off.message":"Din {pass} lÃ¶per ut {expiryDate}. AnvÃ¤nd knappen nedan fÃ¶r att aktivera och stÃ¤lla in automatisk fÃ¶rnyelse. Kontakta oss om du vill gÃ¶ra Ã¤ndringar i din plan.","offer.details.combination.status.unachieved":"VÃ¤lj varor fÃ¶r att fÃ¥ erbjudandet","offer.details.bundle.status.unachieved":"LÃ¤gg till alla fÃ¶r att fÃ¥ erbjudandet","checkout.summary.payment.options.invoice.info":"","checkout.summary.payment.options.payNow.viewAllPaymentMethods.link.text":"","settings.marketing.preferences.marketing.section.header":"","payment.failed.address.label":"Adress","order.details.products.title":"Produkter","slotbooking.change.collection.location":"Ãndra utlÃ¤mningsstÃ¤lle","fop.no.alternatives.text.toast":"Just nu finns det inga alternativ fÃ¶r varan","delivery.type.name.van":"Hemleverans","settings.delivery.pass.update.payment.method.failure.notification":"NÃ¥got gick fel. FÃ¶rsÃ¶k igen.","fop.added.missed.promotion.complete.text.alternative":"{quantity} har lagts till, {offerMessage}, kampanj slutfÃ¶rd","user.contactDetails.email.title":"E-post","refunds.place-refund-request.notification.success.working-days":"Din Ã¥terbetalningsfÃ¶rfrÃ¥gan skickades. Vi kommer att meddela vÃ¥rt beslut inom {days} arbetsdagar.","checkout.summary.payment.options.payNow.accessibility.googlePay":"","header.order.status.minimum.order.short":"Min: {amount}","toggleablepromotions.modal.place.order.date":"GÃ¶r bestÃ¤llning den {date}","instant.shop.page.title":"Smart Shop","bop.page.title":"- {productName}","reviews.bop.showTranslation.button":"ÃversÃ¤tt recension","delivery.pass.list.valid.addresses.text":"Giltiga adresser","bop.field.title.countryOfSlaughter":"Slaktland","checkout.summary.basket.loyalty.units.remove":"Ta bort","settings.delivery.pass.auto.switch.current.plan.message":"GÃ¥r ut den {expiryDate}.","shopping.lists.form.create.submit.button":"Skapa lista","regular.onboarding.noRegulars.header":"Inga Ã¥terkommande varor Ã¤n","fop.price.per.500ml":"{price} per 500Â ml","delivery.price.modification.levels.half.only.almost.reached":"Spendera {halfPriceDeliveryRemainingAmount} till och fÃ¥ leverans till halva priset","calendar.alternative":"Visa kalender","payment.failed.declined.multiple.text":"Betalning misslyckades fÃ¶r flera av dina tidigare bestÃ¤llningar.","user.contactDetails.moniker.placeholder":"Ãnskat namn","settings.delivery.pass.auto.switch.on.with.new.pass.name.message":"Din aktuella plan {passName} kommer automatiskt att Ã¤ndras till {newPassName} den {transitioningDate}.","basket.summary.products":"FortsÃ¤tt handla","summary.bag.charge":"Kassar","settings.delivery.pass.subscription.auto.renew.enable":"Aktivera automatisk fÃ¶rnyelse","payment.choose.payment.method":"VÃ¤lj betalningsmetod","bop.countryOfOrigin.label":"Ursprungsland","settings.delivery.pass.update.payment.method.success.notification":"Din betalningsmetod uppdaterades.","user.contactDetails.title.title":"Titel","delivery.pass.free_trial.success_modal.title":"Prenumerera pÃ¥ en plan:","navigation.home":"Hem","recipe.shopForIngredients.homePage.link":"BlÃ¤ddra bland alla recept","regular.addToRegularsForm.option.monthly":"Varje mÃ¥nad","bop.instalment.drawer.option.total":"Totalt: {price}","change.store.modal.confirm":"Ãndra butik","order.online.receipt.list.element.status.substitute":"ErsÃ¤ttningsvara: {quantity}","settings.sidebar.details":"Kontouppgifter","checkout.summary.payment.method.alert":"Ingen betalningsmetod. Du mÃ¥ste lÃ¤gga till en betalningsmetod innan du kan fortsÃ¤tta.","shopping.lists.page.header":"InkÃ¶pslistor","fop.not.added.missed.promotion.complete.text.alternative":"{offerMessage}, kampanj slutfÃ¶rd","fop.order.returned":"ÃterlÃ¤mnade varor","checkout.summary.payment.options.payNow.accessibility.visaPhone":"","orders.list.recurring.order.editPayment.error":"Betalningsmetoden kunde inte lÃ¤ggas till i plÃ¥nboken","bop.catch.weight.title":"VÃ¤gd vara","shopping.lists.action.modal.delete.title":"Ta bort lista","settings.wallet.item.button.remove.aria.paypal":"Ta bort PayPal-konto med e-post {emailAddress}","bop.catch.weight.range":"","checkout.processing.text":"Din bestÃ¤llning behandlas...","orders.list.card.status.delivery.on.our.way.time":"Uppskattad ankomsttid â {time}","checkout.summary.pharmacy.modal.submit-successful.continue-checkout.button":"","checkout.complete.recurring.order.payment.saveForOne.message":"Betalningsmetoden har inte sparats. Du behÃ¶ver ange betalningsuppgifterna igen fÃ¶r kommande bestÃ¤llningar.","promotions.page.seo.header.tagline":"Erbjudanden online","order.online.receipt.invoice.request.button":"BegÃ¤r faktura","delivery.price.modification.levels.half.and.free.free.almost.reached":"Du fÃ¥r nu leverans till halva priset. Spendera {freeDeliveryRemainingAmount} till och fÃ¥ fri leverans.","recipe.details.saveRecipe.toast.saved":"","user.contactDetails.surname.error":"Du anvÃ¤nder ogiltiga tecken","bop.attributes.header":"Produktattribut","reviews.addModal.input.review.error":"En recension krÃ¤vs fÃ¶r att lÃ¤gga till mer Ã¤n ett omdÃ¶me","delivery.collection.address.select.button.text.with.distance.accessibility":"VÃ¤lj plats {addressNickname}, {distance}, {address}","summary.total.estimated":"ca","bop.field.title.alcoholByVolume":"Alkohol i volymprocent","recipe.details.prepTime":"FÃ¶rberedelsetid","subscription.alert.deliverypass.available.link":"Klicka hÃ¤r fÃ¶r att lÃ¤sa mer om leveransplan","bop.instalment.drawer.title":"Finansieringsalternativ","delivery.destination.selectedMethod.home.changeToCollectionDescription":"HÃ¤mta din bestÃ¤llning nÃ¤r det passar dig","shopping.lists.modal.list.add":"LÃ¤gg till produkten i den hÃ¤r listan","order.online.receipt.list.element.status.returned":"ÃterlÃ¤mnade: {quantity}","regular.addToRegularsForm.addToBasket":"LÃ¤gg i varukorgen","logged.in.home.page.loyalty.card.customer.not.registered.title":"Bonus","slotbooking.items.unavailable.cancel":"VÃ¤lj en annan leveranstid","refunds.fop.non-selected.button":"BegÃ¤r Ã¥terbetalning","logged.in.home.page.book.slot.card.title.na":"NÃ¥got gick fel","delivery.home.address.select.button":"VÃ¤lj","reviews.addModal.input.review":"Din recension","order.details.refund-request-card.button":"BegÃ¤r Ã¥terbetalning","promotions.subtitle":"BÃ¤st sÃ¤ljande produkter pÃ¥ kampanj just nu","orders.list.status.future.non.editable":"Order lagd","offer.details.group.any.singular":"LÃ¤gg till {quantity} vara frÃ¥n listan nedan","recipe.ingredients.not.found.text":"Prova att sÃ¶ka efter produkter som matchar ingrediensen eller blÃ¤ddra bland vÃ¥ra kategorier","delivery.pass.purchased.info.title":"Du har kÃ¶pt leveransplanen:","logged.in.home.page.payment.failed.multiple.text":"Betalning misslyckades fÃ¶r flera av dina tidigare bestÃ¤llningar. Du kommer inte kunna lÃ¤gga nÃ¥gra nya bestÃ¤llningar innan du uppdaterat dina betalningsinstÃ¤llningar.","delivery.collection.address.select.title":"VÃ¤lj plats","user.contactDetails.email.placeholder":"E-post","shopping.lists.form.update.cancel.button":"Avbryt","bop.field.title.storageAndUsage":"FÃ¶rvaring och anvÃ¤ndning","toast.notification.generic.error":"NÃ¥got gick fel. FÃ¶rsÃ¶k igen.","toggleablepromotions.list.no.discounts.selected":"Du har inte valt nÃ¥gra rabatter","fop.price.per.100gram":"{price} per 100 g","payment.failed.order.reference":"BestÃ¤llningsreferens","slotbooking.modal.confirm.change.slot.link":"Ãndra leveranstid","checkout.summary.bonus.check.redeem.modal.body.description":" ","recurring.orders.sign.up.header":"","basket.view.bottom.sheet.title":"Kundvagnsvy","checkout.complete.express.collection.non.editable.order.message":"","promotion.details.group.title.with.name.singular":"{groupName}: LÃ¤gg till 1 vara frÃ¥n listan nedan","checkout.summary.save.payment.details.prelink.text":"Spara dessa betalningsuppgifter fÃ¶r framtida bestÃ¤llningar. LÃ¤s mer i vÃ¥r ","delivery.collection.geocode.connection.error.title":"Kan inte ansluta","recurring.orders.sign.up.slotbooking.time.selector.error":"","loyalty.modal.non.applicable.items.alert":"Din varukorg innehÃ¥ller varor som inte kan betalas med bonuspoÃ¤ng. Vi kommer att ta betalt separat fÃ¶r dessa varor.","order.details.refund-request-card.all-products-refunded-or-requested":"Du har redan begÃ¤rt en Ã¥terbetalning fÃ¶r alla produkter som du kan gÃ¶ra detta fÃ¶r i bestÃ¤llningen.","shopping.list.navigation.button":"Dina listor","shopping.lists.modal.heading":"Fler alternativ","shopping.list.card.view.list.button":"Visa lista","recurring.orders.sign.up.created.charge.info":"debiteras pÃ¥ leveransdatum","basket.remove.item.error":"NÃ¥got gick fel. FÃ¶rsÃ¶k igen.","settings.wallet.item.button.remove.aria.card":"Ta bort ditt {cardType}-kort med slutsiffrorna {last4Digits} och utgÃ¥ngsdatum {cardExpiryDate}","scroller.seeAll.button":"","slotbooking.alert.first.available.slot.view":"Visa leveranstid","slotbooking.oos.final.price":"Ny totalsumma: {amount}","page.description":"Handla veckans mat online frÃ¥n din lokala ICA-butik!","orders.list.status.picked":"Klar fÃ¶r leverans","catalogue.no.results.filtered.title":"Vi hittade inga produkter som matchade dina filter","feedback.modal.textarea.required":"Detta fÃ¤lt Ã¤r obligatoriskt","settings.delivery.pass.subscription.cancel.pass.button":"Avbryt plan","order.cow.3ds.failure":"Det gick inte att ansluta till betalningsleverantÃ¶ren. GÃ¥ till kassan igen.","error.in.page.default.message":"Vi kan fÃ¶r tillfÃ¤llet inte utfÃ¶ra Ã¥tgÃ¤rden.","slotbooking.items.unavailable.content":"Av nÃ¥gon anledning gick det inte att boka en leveranstid fÃ¶r kundvagnen, eftersom varor inte Ã¤r tillgÃ¤ngliga fÃ¶r den valda leveranstiden.","fop.oos.toast":"Den hÃ¤r varan Ã¤r tyvÃ¤rr slut pÃ¥ lager. Du kan inte lÃ¤gga till fler.","settings.delivery.pass.subscription.auto.renew.cancel.modal.info":"Ãr du sÃ¤ker pÃ¥ att du vill avbryta fÃ¶rnyelsen av din leveransplan?","basket.header.empty.trolley":"TÃ¶m varukorg","shopping.list.item.dropdown.delete":"Ta bort","fop.price.per.meter":"{price}\u002Fm","checkout.complete.edit.order":"Ãndra bestÃ¤llning","order.details.upcoming.page.order.not.created.body":"Den skapas automatiskt nÃ¥gra veckor fÃ¶re leveransdatumet. Kontrollera igen senare. Om bestÃ¤llningen har skapats dÃ¥ sÃ¥ kan du Ã¤ndra uppgifterna.","max.quantity.in.trolley.error":"Du har nÃ¥tt det maximala antalet varor fÃ¶r kundvagnen","toggleablepromotions.accessibility.toggle.switch.on.label":"DÃ¶lj rabatter","checkout.summary.modal.paymentBuffer.title":"TillfÃ¤llig reservation","settings.address.book.remove.address.alternative":"Ta bort adress {addressNickName}","payment.failed.back.to.shop.button":"Tillbaka till butiken","delivery.destination.selectedMethod.home.changeButtonText":"Ãndra adress","header.order.status.current.order.inclusive.tax":"{amount} (inkl. moms)","checkout.summary.payment.options.payNow.accessibility.oney":"","settings.address.book.add.modal.nickname.length.error":"Det hÃ¤r Ã¤r fÃ¶r lÃ¥ngt. AnvÃ¤nd {charLimit} eller fÃ¤rre tecken","bop.max.quantity.label":"HÃ¶gsta antal","address.form.field.province":"Provins","fop.group.title.featured":"Utvalda produkter","delivery.destination.visitor.slot.reminder":"Om du vill boka en leveranstid och gÃ¥ till kassan,","settings.address.book.add.modal.nickname.placeholder":"Adressnamn","lister-page.heading":"Handla i sortimentet","favorites.button":"Dina favoriter","slotbooking.unavailable.delivery.button":"GÃ¥ tillbaka till utlÃ¤mning","checkout.summary.bonus.check.available.toast":"Det finns bonuscheckar tillgÃ¤ngliga fÃ¶r bestÃ¤llningen","adBanner.responsive.roundel.reductionPromotion.percentReward":"Spara {percent} %","checkout.summary.recurring.order.create.message":"Skapa en Ã¥terkommande bestÃ¤llning genom att namnge den och vÃ¤lja en frekvens.","order.details.refund.request-items.details-modal.status.label":"Status","toggleablepromotions.modal.expires.tomorrow":"GÃ¥r ut i morgon","logged.in.home.page.book.express.collection.slot.card.subtitle.slot.and.address.format":"","promotion.details.number.of.promotions.achieved":"{number} har redan lagts till","fop.not.in.current.catalog.button":"Ej tillgÃ¤nglig","additional.product.charge.badge":"APC {charge}","bop.field.title.packageType":"Typ av fÃ¶rpackning","summary.voucher.plural":"Rabattkoder","fop.show.alternatives.text":"Visa alternativ","logged.in.home.page.order.card.previous.order.accessibility.title.label":"Visa bestÃ¤llning","fop.missed.promotion.not.complete.text.alternative":"Du har inte valt tillrÃ¤ckligt mÃ¥nga fÃ¶r att ta del av kampanjerbjudandet. LÃ¤gg till {quantity} st. fÃ¶r att ta del av kampanjerbjudandet","bop.field.title.brand":"VarumÃ¤rke","orders.placeholder.recurring.order.cancel.error":"Ett problem uppstod. FÃ¶rsÃ¶k igen.","settings.address.book.add.modal.details.placeholder":"VÃ¥ning, byggnadens namn etc.","offer.details.bundle.status.accessibility.heading":"Status fÃ¶r paketerbjudande","refunds.item-selection-modal.cancel-request":"Avbryt fÃ¶rfrÃ¥gan","recommended-products.empty.message.title":"Inga rekommenderade produkter","checkout.summary.recurring.order.frequency.none":"Ingen","regular.onboarding.noRegulars.modal.explanationCards.1.body":"Du kan vÃ¤lja att gÃ¶ra vilken produkt som helst Ã¥terkommande. Vi har gjort ett initialt val Ã¥t dig hÃ¤r nedan.","reviews.bop.retailerResponse.submitted.info":"Inskickad {responseDate}","payment.failed.slot.label":"Leveranstid","filter.button.clear.all":"Rensa alla","shopping.lists.modal.accessibility.notification.list.added":"Produkten har lagts till i listan","settings.address.addressName.required.error.a11y":"Adressnamn krÃ¤vs","skip.checkout.summary":"Hoppa till kostnadssammanfattning fÃ¶r bestÃ¤llning","additional.details.modal.phone.number.label":"Telefonnummer","refunds.place-refund-request.page-quit.notification-text":"ÃterbetalningsfÃ¶rfrÃ¥gningen skickas inte och du behÃ¶ver gÃ¶ra om fÃ¶rfrÃ¥gningen.","reviews.addModal.input.review.placeholder":"Din recension","header.topbar.basket.button.before.price.note":"","checkout.summary.delivery.change.button":"Ãndra leverans","address.form.field.streetAddressLine1":"Gatuadress, rad 1","slotbooking.express.collection.slot.list.item.description":"","additional.details.modal.age.confirmation.required":"Du mÃ¥ste intyga att du Ã¤r Ã¶ver {age} fÃ¶r att anvÃ¤nda den hÃ¤r tjÃ¤nsten","order.details.refund.request-items.details-modal.status.approved":"Ãterbetalad","reviews.bop.ratingSummary.outOf":"{overallRating} av {totalRating} ({ratingCount})","view.basket":"Visa kundvagn","order.cow.3ds.user.cancelled":"Betalningen har inte behandlats. GÃ¥ till kassan igen.","checkout.summary.payment.options.financingOptions.accessibility.radio.label":"Finansieringsalternativ tillgÃ¤ngliga med {financingOption}","logged.in.home.page.lists.card.title":"Dina listor","address.form.field.aptSuiteEtc":"LÃ¤genhet, rum och sÃ¥ vidare","shopping.lists.modal.accessibility.notification.fav.added":"Produkten har lagts till i favoriterna","toggleablepromotions.modal.subtitle.loyalty":"BonuspoÃ¤ng","regular.updateRegular.frequency.success":"Frekvensen har Ã¤ndrats","vouchers.validation.failure.voucher.deactivated.condition":"Rabattkoden Ã¤r inte lÃ¤ngre giltig.","settings.marketing.preferences.item.marketingPushNotificationAboutSelectedPartners.main":"","additional.details.modal.header":"Ytterligare uppgifter","checkout.summary.recurring.order.confirmed.frequency.every.2.weeks.message":"BestÃ¤llningen levereras varannan {weekDayName} mellan {slotTimeRange} frÃ¥n {startingSlotDate}.","coupons.page.onboarding.button":"LÃ¤s mer","slotbooking.navigation.card.subtitle.slot.and.address.format":"{interval}, {address}","regular.addToRegulars.body.promise.on.checkout":"Produkten lÃ¤ggs till i kundvagnen nÃ¤sta mÃ¥ndag","slotbooking.modal.oos.continue.button":"FortsÃ¤tt","regular.removeRegular.error":"Ett problem uppstod. FÃ¶rsÃ¶k igen.","language.confirmation.modal.accessibility.heading":"Ãnskat sprÃ¥k","feedback.toast.failed":"Din feedback kunde inte skickas","orders.list.recurring.order.definition.cancel.button":"Avbryt","slotbooking.navigation.card.change.slot.title":"Ãndra leveranstid","refunds.item-selection-modal.reason":"Anledning","payment.failed.modal.update.button.text":"Uppdatera betalningsuppgifter","settings.wallet.add.card.modal.title":"LÃ¤gg till ny betalningsmetod","recipe.details.methodStep":"Steg {stepNumber}","order.rebook.basket.has.items.modal.text":"Dessa varor kommer att tas bort innan vi fortsÃ¤tter. Ãr det okej?","recurring.orders.sign.up.slotbooking.day.selector.error":"","address.form.field.apartmentNumber":"Nummer\u002FLÃ¤genhetsnummer","categories.subpage.title":"{subPageName}{separator}{rootPageName}","addresses.error-address.not-deliverable.description.label":"Kontrollera att adressen stÃ¤mmer","slotbooking.open.dds":"","recurring.orders.sign.up.slotbooking.no.available.slots":"","instant.shop.page.heading":"Smart Shop","user.contactDetails.secondSurname.title":"Ditt andra efternamn","recipe.details.cookingTime":"Tillagningstid","toggleablepromotions.modal.title":"Redigera dina rabatter","checkout.summary.payment.options.payNow.info":"","page.title.separator":" â ","orders.list.change.store.modal.confirm":"FortsÃ¤tt","checkout.summary.payment.method.unselected":"VÃ¤lj en betalningsmetod fÃ¶r att fortsÃ¤tta.","refunds.item-selection-modal.other-reason.placeholder":"Skriv hÃ¤r","recurring.orders.sign.up.after.first.order.description":"","checkout.summary.discounts.voucher.redeemed.with.savings":"{voucherName} ({savings})","shopping.lists.tab.favs":"Dina favoriter","checkout.summary.bonus.check.requirement.not.met.modal.body":"BestÃ¤llningsvÃ¤rdet Ã¤r {basketValue}","reviews.chip.rating.accessibility":"OmdÃ¶me, {rating} av {totalRating} utifrÃ¥n {count} recensioner.","slotbooking.items.unavailable.confirm":"Visa kundvagn","basket.add.loyalty.units.success":"Du har nu anvÃ¤nt dina bonuspoÃ¤ng. Ditt saldo uppdateras nÃ¤r du slutfÃ¶r kassaproceduren.","slotbooking.oos.title.change.slot":"Ãndra leveranstid","navigation.loyalty.link":"Bonus","navigation.browse":"Kategorier","toggleablepromotions.modal.select.slot.date":"VÃ¤lj slot fÃ¶r {date}","payment.failed.modal.close.button.text":"StÃ¤ng","voucher.modal.submit.button.text":"AnvÃ¤nd rabattkod","order.online.receipt.payment.method.invoice":"","orders.list.recurring.order.editPayment.success":"Betalningsmetoden har uppdaterats","recurring.orders.sign.up.feature.unavailable":"Det gÃ¥r inte att visa Ã¥terkommande bestÃ¤llningar. FÃ¶rsÃ¶k igen senare.","filter.accessibility.manage.button.with.applied":"Hantera filter, {numberOfAppliedFilters} filter tillÃ¤mpas","navigation.regulars":"Ãterkommande","recipe.browseCollection.label":"BlÃ¤ddra i samlingar","slotbooking.table.week.days.thu":"Tor","checkout.walk.scroll.notice":"Innan du gÃ¥r till kassan, har du allt du behÃ¶ver?","settings.delivery.pass.auto.switch.new.plan.message":"Startar den {expiryDate}.","settings.delivery.pass.free.trial.cancelled.auto.renew":"Den kostnadsfria provperioden fÃ¶r {planName} gÃ¥r ut den {expiryDate} och kommer inte att fÃ¶rnyas. Klicka pÃ¥ knappen nedan om du vill aktivera och stÃ¤lla in automatisk fÃ¶rnyelse.","bop.catch.weight.message":"priset fÃ¶r denna vara kan variera beroende pÃ¥ hur mycket den vÃ¤ger. Du betalar alltid fÃ¶r de varor som levereras, men nÃ¤r du lÃ¤gger din bestÃ¤llning reserverar vi en summa baserad pÃ¥ en genomsnittligt uppskattad viktkostnad.","toggleablepromotions.modal.subtitle.general":"AllmÃ¤nna rabatter","settings.wallet.create.item.error":"NÃ¥got gick fel. FÃ¶rsÃ¶k igen.","addresses.add-address.title":"Ange din adress","braintree.form.card.expiry.date.placeholder":"10\u002F2019","checkout.complete.express.collection.non.editable.alert":"","user.contactDetails.moniker.error":"Du anvÃ¤nder ogiltiga tecken","fop.catchweight.unit":"Ca","adBanner.responsive.roundel.reductionPromotion.percentReward.66":"Spara {percent} %","recurring.orders.sign.up.payment.header":"Betalning","settings.address.book.add.modal.search.no.addresses":"Din adress kan inte hittas.","reviews.addModal.nickname.error":"Ett smeknamn krÃ¤vs fÃ¶r att lÃ¤gga till en recension med mer Ã¤n ett omdÃ¶me","logged.in.home.page.loyalty.card.title":"BonuspoÃ¤ng: {amount}","checkout.complete.loyalty.earned":"{loyaltyEarned} insamlade bonuspoÃ¤ng","checkout.summary.express.collection.non.editable.order.alert":"","delivery.pass.auto.renew.on.message":"Du anvÃ¤nder {pass}.","delivery.collection.select.title":"NÃ¤rmaste utlÃ¤mningsstÃ¤llen till {name}","summary.component.accessibility.toggle.switch.on.label":"DÃ¶lj bestÃ¤llningssammanfattning","delivery.destination.selector.button.collection.line1":"HÃ¤mta i butik","delivery.destination.address.search.label":"Ange ett postnummer","user.contactDetails.password.placeholder":"LÃ¶senord","shopping.list.card.number.of.offers":"{numberOfOffers} erbjudanden","orders.list.page.heading.status":"Status","basket.slot.soon.expiring.final.notification":"Din leveranstid lÃ¶per ut om mindre Ã¤n {timeToExpiry} minuter. GÃ¥ till kassan nu.","bop.time.restriction.toast":"Den tidsbegrÃ¤nsade produkten kan inte lÃ¤ggas till. Produkten mÃ¥ste bestÃ¤llas mellan {from}â{to}.","header.order.status.minimum.order.exclusive.tax":"Minst {amount} (exkl. moms)","fop.price.per.750ml":"{price} per 750Â ml","bop.field.title.tastingNotes":"Smaknoteringar","delivery.destination.selectedMethod.home.chooseButtonText":"VÃ¤lj hemleverans","not.found.page.subtitle":"Sidan du letar efter finns inte eller Ã¤r tillfÃ¤lligt oÃ¥tkomlig.","recipe.linkToBrowseRecipes":"","shopping.list.card.total.price":"Totalt: {totalPrice}","select.accessibility.button.closed":"Ãppna fÃ¶r att visa en lista med valbara alternativ","delivery.destination.collection.changeAddress.button.nearMe":"NÃ¤ra mig","adBanner.responsive.roundel.new":"Nytt","checkout.summary.discounts.voucher.redeemed":"Rabattkod â {voucherName}","summary.payment.split.rest":"Kvar att betala","checkout.progress.payment":"Betalning","filter.accessibility.facet.list":"Filteralternativ","button.loading.aria.label":"","user.contactDetails.firstName.placeholder":"FÃ¶rnamn","slotbooking.unavailableItems.info.action":"Om du vÃ¤ljer att fortsÃ¤tta kommer dessa rabattkoder eller produkter tas bort:","delivery.destination.homepage.change.homeDelivery.card.subtitle":"Leverera till {formattedAddress}","checkout.summary.electronic.device.collection.short.description":"","recurring.orders.sign.up.summary.info":"Produkterna har valts baserat pÃ¥ tidigare bestÃ¤llningar. Debitering sker fÃ¶rst pÃ¥ leveransdatumet.","promotion.details.group.title.plural":"LÃ¤gg till{numberOfItems} varor frÃ¥n listan nedan","slotbooking.address.selected.error.message":"Vi kan fÃ¶r tillfÃ¤llet inte hÃ¤mta dina adressuppgifter.","order.details.tab.order.summary.title":"BestÃ¤llningsuppgifter","fop.price.per.500gram":"{price} per 500Â g","basket.view.accessibility.button.closed":"Ãppna fÃ¶r att visa en lista med kundvagnsalternativ","slotbooking.modal.confirm.reserved.edit.order.mode.notification":"Spara din bestÃ¤llning fÃ¶re","orders.placeholder.recurring.order.cancel.modal.title":"Ãr du sÃ¤ker pÃ¥ att du vill avbryta bestÃ¤llningen?","delivery.destination.temporary.home.chooseButton":"VÃ¤lj leverans","slotbooking.modal.confirm.button.complete.text":"FortsÃ¤tt handla","search.page.title":"","checkout.progress.trolley":"Varukorg","instant.shop.modal.add.to.cart":"LÃ¤gg till","promotion.details.group.title.with.name.all.items.added.plural":"{groupName}: {numberOfItems} varor tillagda","reviews.bop.ratingBreakdown.header":"OmdÃ¶men i detalj","settings.account.details.update.error":"NÃ¥got gick fel. FÃ¶rsÃ¶k igen.","order.online.receipt.payment.title":"Betalning","delivery.destination.selector.button.missing.address.line1":"VÃ¤lj","user.contactDetails.title.error":"Du fÃ¶rsÃ¶ker anvÃ¤nda en ogiltig titel","delivery.collection.distance.format.miles":"{distance} mi","checkout.summary.basket.overview.header.toggleOff.label":"DÃ¶lj din varukorg","language.confirmation.action.fr-CA":"Afficher en franÃ§ais","slotbooking.slot.select.heading.grocery":"VÃ¤lj din leveranstid fÃ¶r livsmedel","delivery.destination.selector.button.address.line1":"Leverera till","settings.address.book.required.field":"Obligatoriskt","slotbooking.navigation.card.slot.old":"Gammal leveranstid: {oldSlotDeliveryInterval}, {address}","order.online.receipt.list.substitution.heading.substitute":"ErsÃ¤ttningsvaror","basket.page.title":"Din varukorg","vouchers.validation.failure.shopping.number.condition":"Rabattkoden Ã¤r ogiltig. Kontrollera rabatterbjudandets villkor","header.topbar.settings":"KontoinstÃ¤llningar","instant.shop.modal.progress.message":"Varor lÃ¤ggs till","regular.removeRegulars.button":"Ta bort alla Ã¥terkommande","order.details.upcoming.page.order.not.created.heading":"Den hÃ¤r bestÃ¤llningen har inte skapats Ã¤n","regular.addToRegularsForm.option.two-monthly":"Varannan mÃ¥nad","toggleablepromotions.modal.button.save.changes":"Spara Ã¤ndringar","checkout.summary.place.order.summary.bags.label":"Kassar","delivery.pass.region.select.address.scope.text":"Leveransplanen fÃ¶r det hÃ¤r omrÃ¥det kommer att gÃ¤lla fÃ¶r fÃ¶ljande adress(er):","language.es-ES":"Spanska","fop.order.substitute":"ErsÃ¤ttningsvara","universal.basket.fop.title":"Produkter","settings.delivery.pass.auto.switch.off.message":"Leveransplanen {pass} som nyligen avbrÃ¶ts kommer inte att vara tillgÃ¤nglig efter den {expiryDate}. Du kan Ã¤ndra till en annan plan genom att klicka pÃ¥ Prenumerera.","recipe.search.loading":"SÃ¶ker efter recept fÃ¶r â{searchTerm}âÂ ...","summary.title":"Summering","bop.age.restricted":"Det hÃ¤r Ã¤r en Ã¥ldersbegrÃ¤nsade produkt. Vid leverans behÃ¶ver du kunna bevisa att du Ã¤r {age} Ã¥r eller Ã¤ldre","delivery.collection.type.mobile.text":"FjÃ¤rrutlÃ¤mningsstÃ¤lle","bop.instalment.drawer.creditCard.apply.link.detail":"fÃ¶r {cardProvider}","slotbooking.table.calendar.cancel.link":"Avbryt","datacash.amex.warning.alert":"Vi stÃ¶der fÃ¶r tillfÃ¤llet inte Amex","button.scroll.to.top":"Tillbaka till Ã¶verst pÃ¥ skÃ¤rmen","sort.accessibility.button.closed":"Ãppna fÃ¶r att visa en lista med sorteringsalternativ","settings.login.details.page.title":"","payment.failed.modal.title":"Uppdatera dina betalningsuppgifter","shopping.lists.modal.create.list.toggle.button":"Skapa ny lista","bop.field.title.producer":"Producent","braintree.form.card.security.number.placeholder":"123","bop.field.title.lifestyle":"Livsstil","order.online.receipt.accessibility.item.missing.title":"Saknas: {productName}, antal: {productQuantity}","bop.field.title.recipes":"Recept","settings.delivery.pass.pending.message":"Vi hÃ¥ller pÃ¥ att skapa din prenumeration pÃ¥ leveransplan. Det hÃ¤r kan ta nÃ¥gra minuter. Kontrollera sidan igen om en stund.","logged.in.home.page.book.slot.card.slot.old":"Gammal leveranstid: {oldSlotDeliveryInterval}, {address}","settings.wallet.item.button.make.primary":"AnvÃ¤nd som fÃ¶rval","checkout.summary.payment.method.expired":"UtgÃ¥ngen","bop.field.title.allergens":"Allergener","order.details.rebook":"Boka om den hÃ¤r bestÃ¤llningen","orders.list.recurring.order.cancel.error":"Ett problem uppstod. FÃ¶rsÃ¶k igen.","sorting.option.price.ascending":"Pris: Stigande","language.confirmation.action.sv-SE":"Visa pÃ¥ svenska","toggleablepromotions.modal.select.slot.daterange":"VÃ¤lj slot mellan {dateRange}","shopinshop.navigation.title":"Meny","payment.failed.total":"Totalt","settings.address.book.edit.modal.nickname.placeholder":"Ãndra ditt kortnamn","slotbooking.modal.confirm.reserved.notification":"GÃ¥ in pÃ¥ dina kontoinstÃ¤llningar (under menyval konto, kontoinstÃ¤llningar, leveransadresser) fÃ¶r att ange portkod och eventuellt andra leveransinstruktioner. Din leveranstid Ã¤r reserverad. FÃ¶r att behÃ¥lla leveranstiden mÃ¥ste du slutfÃ¶ra din order fÃ¶re kl","language.confirmation.action.ca-ES":"Visualitza en catalÃ ","recurring.orders.sign.up.summary.address":"Adress","checkout.summary.payment.options.financingOptions.title":"Finansieringsalternativ","recipe.details.saveRecipe.accessibility.saved":"","bop.field.title.alcoholUnits":"Alkoholenheter","bop.offer.label":"Erbjudande","loyalty.modal.discount.caption":"Rabatt pÃ¥ bestÃ¤llning","settings.address.book.confirm.postal.code.modal.search":"SÃ¶k igen","settings.delivery.pass.see.more":"Se mer","fop.shopping.lists.in.product.list":"I dina listor","toggleablepromotions.modal.description":"TillgÃ¤ngliga rabatter kan anvÃ¤ndas en gÃ¥ng per bestÃ¤llning","bop.field.title.subBrand":"UndervarumÃ¤rke","basket.empty.trolley.button":"TÃ¶m varukorg ","refunds.item-selection-modal.other-reason.header":"Annan anledning","orders.list.card.status.delivery.unknown":"Din bestÃ¤llning stÃ¥r nÃ¤st pÃ¥ tur","regular.basketRemoveAllModal.error":"Ett fel intrÃ¤ffade nÃ¤r varorna skulle tas bort","coupons.button":"Kuponger","regular.onboarding.noRegulars.modal.body":"AnvÃ¤nd Ã¥terkommande varor och du slipper glÃ¶mma produkter i framtiden. Dina valda produkter lÃ¤ggs till i din kundvagn pÃ¥ mÃ¥ndagar sÃ¥ ofta du vill.","regular.addToRegularsForm.quantity.max.error":"HÃ¶gsta mÃ¶jliga antal Ã¤r {max}","basket.add.availability.reminder.modal.button":"Logga in \u002F Bli stammis","slotbooking.slot.select.heading":"VÃ¤lj leveranstid","instant.shop.remove.modal.cancel":"Avbryt","header.order.status.under.edit":"BestÃ¤llningen Ã¤ndras.","checkout.summary.payment.paymentBuffer.notice":"Notera att vi tillfÃ¤lligt reserverar ett extra belopp om {bufferPercent}% av ordervÃ¤rdet fÃ¶r denna order.","orders.list.recurring.orders.section.title":"Ãterkommande bestÃ¤llningar","delivery.pass.no.wallet.item":"Ingen betalningsmetod har lagts till","delivery.pass.subscription.pending.modal.title":"Vi hÃ¥ller pÃ¥ att skapa din prenumeration pÃ¥ leveransplan.","bop.field.title.lifestyleOther":"Livsstil, annat","guaranteed.product.life.badge.month":"{quantity} m+","refunds.place-refund-request.page-quit.notification-question":"Vill du lÃ¤mna sidan?","delivery.price.modification.levels.half.only.not.reached":"Leverans till halva priset pÃ¥ bestÃ¤llningar frÃ¥n {halfPriceDeliveryThreshold}","guaranteed.product.life.description.week.other":"{quantity} veckors hÃ¥llbarhet garanteras","order.details.recurring.order.frequency.every.1.months":"Varje mÃ¥nad","order.online.receipt.slot.collection.title":"HÃ¤mta i butik","slotbooking.navigation.card.slot.new":"Ny leveranstid: {newSlotDeliveryInterval}, {address}","favorites.no.results.title":"Ãnnu inga favoriter","regular.basketRemoveAllModal.header":"Vill du ta bort de Ã¥terkommande varorna?","fop.group.menu.accessibility.label":"Fler kategorier","header.topbar.points":"BonuspoÃ¤ng: {amount}","homepage.meta.descriptionTagline":"Utforska och handla fÃ¶r att fÃ¥ fantastiska erbjudanden, rabatter med mera. Handla hos oss idag och fÃ¥ hemleverans!","reviews.bop.overallRating.accessibility":"I genomsnitt {rating} av {totalRating}, baserat pÃ¥ {count}.","order.details.requested-for-refund.not-yet-available":"ÃterbetalningsfÃ¶rfrÃ¥gningar Ã¤r inte tillgÃ¤ngliga Ã¤n. Kontrollera igen om nÃ¥gra timmar.","bop.field.title.manufacturerMarketing":"MarknadsfÃ¶ringsinformation frÃ¥n tillverkaren","logged.in.home.page.order.card.previous.order.title":"Din senaste bestÃ¤llning","bop.instalment.drawer.notification":"Finansieringsalternativen beror pÃ¥ kundvagnen. Du kan vÃ¤lja bland slutliga alternativ i kassan","reviews.bop.customerReviews.header.accessibility":"Kundrecensioner, {reviewCount} totalt.","orders.list.card.status.cancelled":"Du avbrÃ¶t den hÃ¤r bestÃ¤llningen","settings.delivery.pass.subscription.change.payment.method.open.button":"Ãndra betalningsuppgifter","regular.onboarding.noRegulars.learn-more.button":"LÃ¤s mer","settings.delivery.pass.new.address.button.label":"LÃ¤gg till en adress","order.edit.expired.modal.close":"StÃ¤ng","loyalty.modal.back":"Tillbaka till kassan","delivery.collection.filter.header.accessibility":"Filtrera utlÃ¤mningsstÃ¤llen","bop.field.title.breed":"Ras","delivery.collection.type.locker.warning.text":"Det gÃ¥r inte att avvisa ersÃ¤ttningsvaror nÃ¤r man vÃ¤ljer att hÃ¤mta i skÃ¥p","filter.label.favorites":"Favoriter","recipe.loadMoreButton":"","slotbooking.slot.unavailable.button":"Ãndra adress","slotbooking.delivery.cnc.timezone.alert":"Leveranstider visas i utlÃ¤mningsstÃ¤llets tidszon","basket.list.view.button":"Listvy","settings.address.book.add.modal.postcode.placeholder":"Postnummer","refunds.place-refund-request.notification.error":"Vi kunde inte skicka din Ã¥terbetalningsfÃ¶rfrÃ¥gan. FÃ¶rsÃ¶k igen.","shopping.lists.modal.fav.name":"Dina favoriter","sorting.option.price.per.ascending":"Jmf-pris: Stigande","reviews.addModal.rating.label":"LÃ¤mna omdÃ¶met {value}","settings.sidebar.loyalty":"Bonus","bop.field.title.preparationAndUsage":"FÃ¶rberedning och anvÃ¤ndning","address.form.field.streetAddress":"Gatuadress","calendar.previous.month":"FÃ¶regÃ¥ende mÃ¥nad: {month}","basket.header.empty.modal.empty":"TÃ¶m varukorg","settings.address.book.add.modal.notes.label":"Leveransinstruktioner, t ex portkod","logged.in.home.page.order.card.start.shopping.title":"BÃ¶rja handla","checkout.delivery.collection.point.label":"UtlÃ¤mningsomrÃ¥de:","checkout.summary.payment.options.cardsAndPaypal.accessibility.visa":"Visa","basket.button.open.basket.page.alternative":"Ãppna kundvagnssidan","settings.marketing.preferences.item.marketingEmailAboutORG.main":"","reviews.newest":"Senaste fÃ¶rst","delivery.destination.visitor.loginButtonText":"Logga in eller registrera dig","order.cancel.successful.notification":"Din bestÃ¤llning och leverans har avbrutits.","settings.addresses.heading":"Leveransadresser inkl portkod","feedback.modal.success.body":"Tack fÃ¶r att du ger oss din feedback.","order.cancel":"Avboka bestÃ¤llning","contentBlocks.header.aside.aria.label":"InnehÃ¥llsblock i sidhuvud","address.form.field.floorNumber":"VÃ¥ningsnr","fop.order.rejected":"Avvisad","checkout.complete.page.title":"","checkout.summary.pharmacy.modal.confirmation-required.try-again.button":"","regular.basketButton.removeAll":"Ta bort Ã¥terkommande","promotion.details.group.title.with.name.plural":"{groupName}: LÃ¤gg till{numberOfItems} varor frÃ¥n listan nedan","settings.marketing.preferences.item.marketingEmailAboutORG.details":"","delivery.destination.selectedMethod.collection.chooseButtonText":"VÃ¤lj utlÃ¤mningsstÃ¤lle","basket.add.item.limited":"Max, anatal i varukorg lnga fler varor av samma volym kan lÃ¤ggas till","header.topbar.register":"Bli stammis","coupons.tab":"","checkout.summary.payment.options.payAtDelivery.limitation.warning":"","bop.field.title.countryOfOrigin":"Ursprungsland","toggleablepromotions.modal.place.order.from":"GÃ¶r bestÃ¤llning frÃ¥n {date}","navigation.title":"Kategorier","settings.wallet.add.item.modal.title":"LÃ¤gg till ny betalningsmetod","settings.address.book.edit.modal.notes.error":"NÃ¥got gick fel. FÃ¶rsÃ¶k igen.","checkout.summary.bonus.check.not.available.toast":"Den hÃ¤r vÃ¤rdechecken har redan anvÃ¤nts. Ta bort den frÃ¥n din bestÃ¤llning fÃ¶r att fortsÃ¤tta.","sorting.option.price.descending":"Pris: Fallande","recipes.breadcrumb.searchPage":"SÃ¶kresultat","summary.items.exclusive.taxes":"{amount} varor (exkl. moms)","payment.failed.add.payment.method.button":"LÃ¤gg till ny betalningsmetod","braintree.tokenize.duplicate.card.message":"Du har redan sparat den hÃ¤r betalningsmetoden","promotion.details.group.title.singular":"LÃ¤gg till 1 vara frÃ¥n listan nedan","header.delivery.book.grocery":"Boka en leveranstid fÃ¶r livsmedel","regular.noRegulars.explanationCards.1.header":"1. VÃ¤lj varor","basket.slot.expired.notification.link":"boka en annan leveranstid?","checkout.summary.basket.summary.voucher.placeholder":"Rabattkod","order.details.heading.message.editable":"","toggleablepromotions.list.button.select":"VÃ¤lj rabatter","coupons.page.onboarding.subsection.3.title":"3. Spara pengar","cookie.policy.button.intro":"FÃ¶r att personaliserings- och marknadsfÃ¶ringskakor ska fungera kan Ã¤ven vissa nÃ¶dvÃ¤ndiga och funktionella kakor behÃ¶va nyttjas i samband med detta. Det gÃ¶r vi dÃ¤remot bara om du har samtyckt till dessa kategorier.","settings.marketing.preferences.retailer.managed.button":"Hantera","empty.trolley.info.message":"LÃ¤gg till varor i kundvagnen.","coupons.page.onboarding.subsection.1.title":"1. VÃ¤lj en kupong","slotbooking.modal.oos.title":"NÃ¥gra Ã¤ndringar i din bestÃ¤llning","order.details.upcoming.page.heading":"Du kan Ã¤ndra den hÃ¤r bestÃ¤llningen frÃ¥n {orderAvailableAfter} och framÃ¥t.","logged.out.home.page.seo.header.tagline":"VÃ¤lkommen till livsmedelsbutiken online","instant.shop.tab":"Smart Shop","regular.addToRegularsForm.submit":"LÃ¤gg till i Ã¥terkommande","slotbooking.unavailable.cnc.title":"UtlÃ¤mning Ã¤r inte tillgÃ¤ngligt","reviews.toast.notification.error.submitted":"Det gick inte att skicka recensionen. Du har redan recenserat den hÃ¤r produkten.","summary.payment.split.bonus.check":"Bonuscheck","regular.maxQuantity.success":"Det gÃ¥r inte att lÃ¤gga till fler av den hÃ¤r varutypen i bestÃ¤llningen","recurring.orders.sign.up.learn.more.smart.header":"","order.undo.changes":"Annullera Ã¤ndringar","edit.order.modal.warning":"GÃ¥ till kassan fÃ¶r att spara Ã¤ndringarna","canceled.recurring-order-definition.modal.warning":"Vissa kommande Ã¥terkommande varor har redan behandlats. Dessa behÃ¶ver avbrytas manuellt.","adBanner.responsive.roundel.multibuyPromotion.freeReward":"KÃ¶p {totalProducts} fÃ¶r {requiredProducts}","orders.list.recurring.order.editPayment.button":"Ãndra betalning","sorting.option.placeholder":"Sortera efter:","refunds.place-refund-request.notification.success":"Din Ã¥terbetalningsfÃ¶rfrÃ¥gan skickades. Vi kommer att meddela vÃ¥rt beslut inom {days} arbetsdagar (eller {hours} timmar).","failure.modal.body":"Vi kan fÃ¶r tillfÃ¤llet inte utfÃ¶ra Ã¥tgÃ¤rden. FÃ¶rsÃ¶k igen.","addresses.add-address.heading":"Ange din adress","shopping.lists.form.update.submit.button":"Spara","recipe.ingredients.products.show":"Visa produkter","voucher.modal.title":"AnvÃ¤nd rabattkod","settings.sidebar.addresses":"Leveransadresser inkl portkod","header.order.status.delivery.link":"Boka leveranstid","vouchers.validation.failure.products.missing.in.basket":"Vissa produkter som krÃ¤vs fÃ¶r att aktivera rabattkoden saknas i kundvagnen. Se villkoren fÃ¶r rabattkoden och lÃ¤gg till de produkter som saknas.","checkout.summary.payment.options.invoice.title":"","basket.merge.time.restriction":"Kan enbart levereras {from} till {to}","recipe.seeAllSavedRecipes":"","recipe.ingredients.breadcrumb":"Handla ingredienser","checkout.summary.payment.method.unsaved.alert":"Om du vÃ¤ljer det hÃ¤r alternativet mÃ¥ste du ange din betalningsmetod varje gÃ¥ng du vill bestÃ¤lla","loyalty.modal.configurable.spend.caption":"PoÃ¤ng att anvÃ¤nda","bop.field.title.units":"Enheter","orders.list.show.cancelled":"Visa avbokade bestÃ¤llningar","settings.loyalty.page.title":"","expanded.trolley.items.loaded.state":"Varorna i kundvagnen fÃ¶r snabbvisning har lÃ¤sts in","common.feedback.featureSuggestion":"FÃ¶rslag pÃ¥ funktion","recurring.orders.sign.up.created.upcoming.order":"Kommande bestÃ¤llning","settings.address.book.button.cancel":"Avbryt","search.refine.aisles.button":"FÃ¶rfina","orders.list.card.status.scratched":"Vi avbrÃ¶t den hÃ¤r bestÃ¤llningen","recipe.ingredients.sidebar.title":"Ingredienser","bop.field.title.features":"Egenskaper","reviews.bop.retailerResponse.toggleOn.label":"DÃ¶lj svar till {headline}.","order.details.heading.picked":"Klar fÃ¶r leverans","cookie.policy.list.intro":"Lista med cookies: Nedan kan du lÃ¤sa om de cookies som vi anvÃ¤nder, uppdelade i fyra olika kategorier: nÃ¶dvÃ¤ndiga cookies, funktionella cookies, personaliseringscookies och marknadsfÃ¶ringscookies.","logged.in.home.page.payment.failed.text":"Betalning misslyckades fÃ¶r din tidigare bestÃ¤llning. Du kommer inte kunna lÃ¤gga nÃ¥gra nya bestÃ¤llningar innan du uppdaterat dina betalningsuppgifter.","order.additionalReservationWithCatchweight":"Vi reserverar ett extra belopp pÃ¥ {bufferPercent} % av ditt ordervÃ¤rde fÃ¶r att tÃ¤cka variationer pÃ¥ viktvaror och eventuella ersÃ¤ttningsvaror","reviews.bop.customerReview.submitted.info":"Inskickad {reviewDate}, av {nickname}","error.in.page.refresh.link":"FÃ¶rsÃ¶k igen.","basket.merge.unknown.reason":"Ej tillgÃ¤nglig","checkout.summary.pharmacy.modal.header.prefix":"","loyalty.modal.applicable.items.below.min.alert":"Du kan inte anvÃ¤nda dina bonuspoÃ¤ng som betalning den hÃ¤r gÃ¥ngen, detta eftersom din bestÃ¤llning inte innehÃ¥ller tillrÃ¤ckligt mÃ¥nga produkter som kan betalas med bonuspoÃ¤ng. Vissa varor sÃ¥som alkohol och tobak kan inte betalas med bonuspoÃ¤ng.","regular.onboarding.noRegulars.modal.explanationCards.2.body":"Tryck pÃ¥ âLÃ¤gg till som Ã¥terkommandeâ eller pÃ¥ â...â-ikonen och vÃ¤lj hur ofta du vill att produkten ska lÃ¤ggas till i kundvagnen.","address.form.field.apartment":"LÃ¤genhetsnummer","common.feedback.usability":"Kommentar om anvÃ¤ndarvÃ¤nlighet","reviews.fetchError.header":"Recensioner","filter.accessibility.facet.with.selected":"{filterLabel}, {numberOfSelectedFilters} filter valda","bop.field.title.returnToAddress":"ÃtersÃ¤nd till adress","header.topbar.basket.button.after.price.note":"","checkout.summary.payment.method.unsaved.description":"Ditt kort kommer inte att sparas","slotbooking.alert.first.available.slot":"FÃ¶rsta tillgÃ¤ngliga leveranstid","braintree.field.cvv.invalid.message":"Fel sÃ¤kerhetskod","delivery.pass.subscription.button.aria.label":"KÃ¶p en leveransplan fÃ¶r {name} till priset av {price}","checkout.complete.edit.order.title":"Ãndra bestÃ¤llning","offer.details.group.free.plural":"FÃ¥ {quantity} valfria varor frÃ¥n listan nedan helt gratis","language.sv-SE":"Svenska","offer.details.status.achieved.number":"{number} har redan lagts till","recipe.details.metrics.header":"TidsÃ¥tgÃ¥ng och portioner","order.details.missing.items.title":"Saknades","order.cow.payment.failure.invoice.not.registered":"BegÃ¤ran nekades. Du Ã¤r inte registrerad fÃ¶r fakturering hos butiken. Kontakta butiken om du vill lÃ¶sa detta.","order.edit.before":"fÃ¶re {editUntil}","scroller.accessibility.viewNext":"Visa nÃ¤sta varor","common.login.spinner.manual.redirect.description":"Tar det fÃ¶r lÃ¥ng tid?","order.online.receipt.list.element.status.substitute.rejected":"Avvisade: {quantity}","slotbooking.table.filler.text":"Leveranstider finns Ã¤nnu inte tillgÃ¤ngliga","basket.add.availability.reminder.modal.cancel":"Avbryt","settings.address.book.add.modal.postcode.error":"Det dÃ¤r ser inte ut att vara ett giltigt postnummer","regular.orders.navigation.button":"Ãterkommande","regular.noRegulars.explanationCards.2.header":"2. VÃ¤lj hur ofta","slotbooking.table.price.free":"Gratis","order.again.repeat.order.button.text":"LÃ¤gg till alla produkter igen","settings.marketing.heading":"Aviseringar","order.details.recurring.order.card.accessibility.title.label":"Visa bestÃ¤llning","summary.component.accessibility.toggle.switch.off.label":"Visa bestÃ¤llningssammanfattning","filter.accessibility.facet":"{filterLabel}","header.delivery.reserved.a11y":"Leverans bokad fÃ¶r","regular.addToRegularsForm.quantity.min.error":"Det gÃ¥r inte att lÃ¤gga till ett negativt antal","regular.addToRegulars.header":"LÃ¤gg till i Ã¥terkommande","refunds.summary.empty.header":"Ãterbetalningar","checkout.complete.manage.delivery.pass":"Hantera instÃ¤llningar","basket.slot.soon.expiring.notification":"Din leveranstid lÃ¶per ut om mindre Ã¤n {timeToExpiry} minuter.","settings.marketing.preferences.marketing.section.title":"MarknadsfÃ¶ringsaviseringar","bop.field.title.history":"Historia","recurring.orders.sign.up.learn.more.control.header":"","refunds.summary.non-empty.collapsed.toggle-switch.label":"Summering","basket.view.bottom.sheet.accessibility.close.button":"StÃ¤ng","homepage.title":"{title}{separator}{name}{separator}{tagline}","order.online.receipt.payment.method.unsaved":"","bop.field.title.countryOfPackaging":"FÃ¶rpackningsland","order.cow.3ds.error":"Ett fel intrÃ¤ffade i kassan. FÃ¶rsÃ¶k igen.","counter.edit.quantity.input.alternative.with.product":"Antal av {productName} i kundvagnen","settings.marketing.preferences.save":"Spara","regular.onboarding.noRegulars.body":"AnvÃ¤nd Ã¥terkommande varor och du slipper glÃ¶mma produkter i framtiden. Dina valda produkter lÃ¤ggs till i din kundvagn pÃ¥ mÃ¥ndagar sÃ¥ ofta du vill.","change.store.modal.message":"Du hÃ¥ller pÃ¥ att Ã¤ndra butiker. Eventuella produkter i kundvagnen sparas sÃ¥ att du kan fortsÃ¤tta handla nÃ¤r du kommer tillbaka.","fop.add.button.alternative":"LÃ¤gg till {productName} i kundvagn","orders.list.recurring.order.cancel.modal.dismiss.button":"Avbryt inte","checkout.complete.back.to.shop":"Tillbaka till butiken","recommended-products.empty.message.text":"Det finns inte tillrÃ¤ckligt med data frÃ¥n din shoppingaktivitet fÃ¶r att ge nÃ¥gon rekommendation. FortsÃ¤tt gÃ¤rna handla av oss och kolla igen snart.","shopping.lists.modal.reg.name":"Ãterkommande","coupons.page.onboarding.subsection.3.description":"Ingen kod behÃ¶ver anges â rabatten dras automatiskt i kassan.","basket.slot.expired.notification.text":"Din leveranstid har lÃ¶pt ut. Vill du ","vouchers.validation.failure.item.minimum.spend.not.met":"Beloppet som har spenderats pÃ¥ kampanjvarorna understiger minimibeloppet att spendera. FortsÃ¤tt handla fÃ¶r att kunna utnyttja rabattkoden.","checkout.complete.recurring.order.updated.card.alert":"Din bestÃ¤llning uppdaterades. Definitionen fÃ¶r den Ã¥terkommande bestÃ¤llningen har inte Ã¤ndrats.","delivery.collection.location.page.title":"","bop.field.title.tasteCategory":"Smakkategori","settings.delivery.pass.active.message":"LÃ¶per ut {expirationDate}. Kontakta oss om du vill avsluta din leveransplan.","slotbooking.table.calendar.header":"Kalender","checkout.summary.recurring.order.name.placeholder":"Namn fÃ¶r Ã¥terkommande bestÃ¤llning","address.form.field.floor":"VÃ¥ning","basket.fop.title":"Produkter","settings.address.book.add.modal.find.validation.error":"Det dÃ¤r ser inte ut att vara ett giltigt postnummer","logged.in.home.page.book.slot.card.subtitle.no.next.available.slot":"VÃ¤lj leveranstid fÃ¶r att se korrekt lagersaldo nÃ¤r du handlar","toggleablepromotions.modal.subtitle.preapplied":"Redan tillÃ¤mpade rabatter","recurring.orders.sign.up.learn.more":"","addresses.confirm-address.heading.update":"UPPDATERA","bop.max.quantity.toast.with.items":"Det gÃ¥r att bestÃ¤lla hÃ¶gst {quantity} av den hÃ¤r varutypen per bestÃ¤llning","promotion.details.status.unachieved":"LÃ¤gg till alla fÃ¶r att fÃ¥ erbjudandet","vouchers.validation.failure.account.count.condition":"Du har redan anvÃ¤nt denna rabattkod sÃ¥ mÃ¥nga gÃ¥nger som tillÃ¥ts.","recurring.orders.sign.up.created.title":"Ãterkommande bestÃ¤llning skapad","navigation.products":"Alla produkter","order.details.page.title":"BestÃ¤llningsuppgifter {orderId}","orders.list.card.status.delivery.we.are.here":"Vi Ã¤r hÃ¤r","settings.wallet.remove.item.modal.title":"Ta bort den hÃ¤r betalningsmetoden?","checkout.summary.bonus.check.redeem.modal.body":"VÃ¤lj en bonuscheck du vill anvÃ¤nda","catalogue.no.results.filtered.clear.filters":"Ta bort filter","order.details.refund-request-items.fop.button.details":"Uppgifter","recurring.orders.sign.up.slotbooking.one.recurring.per.day.error":"Det gÃ¥r endast att ha en Ã¥terkommande bestÃ¤llning per dag. VÃ¤lj en annan dag","delivery.collection.filter.type.text":"Typ av utlÃ¤mning","checkout.summary.payment.options.financingOptions.placeholder.accessibility.text":"LÃ¤ser in val av finansieringsalternativ tillgÃ¤ngliga med {financingOption}","feedback.modal.textarea.placeholder":"Skriv din feedback hÃ¤r","cookie.policy.button":"CookieinstÃ¤llningar","addresses.remove.last.toast.message":"Vi behÃ¶ver koppla ditt konto till Ã¥tminstone en adress.","checkout.summary.modal.paymentBuffer.checkbox.accessibility.label":"Visa inte pÃ¥minnelse om {bufferPercent}Â % pant fÃ¶r betalning igen","orders.list.page.heading.cost":"Totalt","bottom.sheet.categories.title":"Kategorier","addresses.error-address.not-deliverable.title.label":"Vi kan inte leverera till vald leveransadress","orders.list.change.store.modal.title":"Granska i en annan butik","order.save.changes":"BekrÃ¤fta och betala","basket.add.availability.reminder.login.or.register":"Logga in fÃ¶r att fÃ¥ stammispriser, se lagerstatus och leveranstider m.m.","order.rebook.order.under.edit.modal.text":"Spara dina Ã¤ndringar fÃ¶rst. Kom sedan tillbaka till denna skÃ¤rm och lÃ¤gg till dessa varor.","toggleablepromotions.modal.alternative.description":"Du kan Ã¤ndra dina rabatter i kundvagnen. TillgÃ¤ngliga rabatter kan anvÃ¤ndas en gÃ¥ng per bestÃ¤llning.","shopping.lists.modal.fav.add":"LÃ¤gg till i favoriter","settings.sidebar.language":"SprÃ¥k","delivery.type.select.button":"VÃ¤lj","delivery.destination.changeConfirmation.message.withoutSlot":"Observera att priser och tillgÃ¤nglighet fÃ¶r produkter i kundvagnen kan ha Ã¤ndrats.","checkout.complete.concierge.info":"BestÃ¤llningen kommer att lÃ¤mnas av hos dÃ¶rrvakten","checkout.summary.recurring.order.change.slot.message":"Ãndra denna bestÃ¤llnings leveranstid om du vill Ã¤ndra dag eller tid fÃ¶r dina Ã¥terkommande varor","regular.removeAllModal.body":"DÃ¥ kommer de inte lÃ¤ngre lÃ¤ggas till automatiskt i din varukorg. Du kan markera dem som Ã¥terkommande pÃ¥ nytt om du Ã¥ngrar dig.","checkout.summary.modal.invoice.cancel":"Avbryt","settings.marketing.preferences.communication.section.title":"BestÃ¤llningsaviseringar","shopping.lists.page.title":"Listor","slotbooking.oos.slot.expires.by":"SlutfÃ¶r din bestÃ¤llning fÃ¶re: {timeSlotExpires} (minimum: {minimumSpend})","reviews.addModal.input.nickname.placeholder":"Smeknamn","orders.placeholder.recurring.order.cancel.modal.confirm.button":"Avbryt bestÃ¤llning","slotbooking.express.collection.delivery.booked.alert":"","checkout.summary.basket.summary.voucher.error":"Ett problem uppstod nÃ¤r rabattkoden lades till.","promotions.no.results.title":"Inga kampanjer hittades","order.online.receipt.invoice.title":"Faktura","recurring.orders.sign.up.summary.daytime":"Dag och tidpunkt","subscription.alert.deliverypass.active.message":"Din leveransplan lÃ¶per ut {expirationDate}.","recurring.orders.sign.up.step.title.summary":"Sammanfattning av Ã¥terkommande bestÃ¤llning","recurring.orders.sign.up.close.confirm":"","basket.merge.via.cart.token.failure.notification":"Kundvagnen kunde inte synkroniseras. LÃ¤s in sidan igen eller lÃ¤gg till varorna igen.","recipes.breadcrumb.recipesHomePage":"Recept","reviews.addModal.termsAndConditions":"Genom att skicka in den hÃ¤r recensionen godkÃ¤nner du vÃ¥ra {link}.","settings.address.book.edit.modal.nickname.label":"Adressens kortnamn","fop.order.missing":"Saknades","feedback.modal.dropdown.placeholder":"Vad handlar din feedback om?","settings.address.book.button.manually":"Ange adress manuellt","addresses.error-address.enter-address.button":"Ãndra adress","settings.marketing.preferences.item.marketingSmsAboutORG.main":"","bop.field.title.dietaryInformation":"Dietinformation","scroller.accessibility.viewPrevious":"Visa fÃ¶regÃ¥ende varor","orders.list.card.status.future.editable.no.date":"Du kan Ã¤ndra den hÃ¤r bestÃ¤llningen","settings.address.book.add.modal.search.again":"SÃ¶k igen","fop.order.accepted":"GodkÃ¤nd","recipe.searchPage.notFound":"Inga resultat hittades fÃ¶r â{searchTerm}â","bop.field.title.servingSuggestions":"ServeringsfÃ¶rslag","regular.addToRegulars.modal.header":"Ãterkommande","fop.price.per.eatable.kg":"{price}\u002Fkg Ã¤tklar","filter.accessibility.facet.with.applied":"{filterLabel}, {numberOfAppliedFilters} filter tillÃ¤mpas","settings.wallet.page.title":"","logged.out.home.page.title":"","user.contactDetails.title.placeholder":"Titel","checkout.complete.payment.method.invoice.title":"","delivery.pass.prices.tax.inclusive":"*Alla priser Ã¤r inklusive moms","bop.time.restricted":"Det hÃ¤r Ã¤r en tidsbegrÃ¤nsad produkt","slotbooking.no.addresses.title":"Du har inga sparade adresser","favorite.add.item.error":"NÃ¥got gick fel. FÃ¶rsÃ¶k igen.","settings.address.book.edit.address":"Ãndra","settings.address.book.add.modal.submit":"Skicka","checkout.3ds.summary.redirect.warning.link.text":"prova att gÃ¶ra om bestÃ¤llningen","order.again.repeat.order.button":"Upprepa bestÃ¤llning ({itemsCount} varor)","delivery.collection.toggle.button.view.map":"Visa pÃ¥ karta","coupons.page.onboarding.button.accessibility":"LÃ¤s mer om hur kuponger fungerar","delivery.destination.homepage.change.customerCollection.card.subtitle":"HÃ¤mta pÃ¥ {name}","skip.main":"GÃ¥ till innehÃ¥ll","settings.address.book.remove.modal.success":"Din adress togs bort","shopping.list.card.accessibility.label":"InkÃ¶pslista","logged.in.home.page.book.slot.card.title.grocery":"Boka en leveranstid fÃ¶r livsmedel","settings.language.page.title":"","recurring.orders.sign.up.frequency.weekly":"Varje vecka","settings.wallet.heading":"Betalningsalternativ","search.categories.title":"Alla produkter","checkout.summary.termsandconditions.prelink.text":"Genom att trycka pÃ¥ 'BekrÃ¤fta och betala' godkÃ¤nner jag ","order.buy.again.under.edit.modal.cancel":"Nej","header.topbar.superuser":"SuperanvÃ¤ndare","coupons.page.title":"Kuponger","fop.missed.promotion.not.complete.text":"LÃ¤gg till {quantity} st. fÃ¶r att ta del av kampanjerbjudandet","toggleablepromotions.modal.expires.today":"GÃ¥r ut idag","toggleablepromotions.modal.place.order.daterange":"GÃ¶r bestÃ¤llning mellan {dateRange}","delivery.collection.address.search":"Ange ett postnummer eller en stad","orders.list.change.store.modal.cancel":"Avbryt","delivery.pass.subscription.termsAndConditions.message":"Genom att prenumerera pÃ¥ en {pass} godkÃ¤nner du vÃ¥ra {link}.","shopping.list.card.add.all.button":"LÃ¤gg till alla","order.edit.expired.modal.body.sorry":"Tiden gick ut â du kan inte lÃ¤ngre Ã¤ndra din bestÃ¤llning.","shopping.lists.form.create.list.name.placeholder":"Listans namn","header.topbar.basket.button.text":"Varukorg","checkout.summary.basket.summary.voucher.remove.link":"Ta bort","settings.sidebar.login.details":"E-post och lÃ¶senord","bop.instalment.drawer.creditCard.apply.link":"AnsÃ¶k nu","settings.delivery.pass.subscription.failure.modal.close":"StÃ¤ng","header.topbar.orders":"Dina bestÃ¤llningar","subscription.alert.deliverypass.pending.message":"Vi hÃ¥ller pÃ¥ att skapa din prenumeration pÃ¥ leveransplan. Det hÃ¤r kan ta nÃ¥gra minuter. Kontrollera sidan igen om en stund.","bop.instalment.option.perMonth":"eller {price}","adBanner.responsive.roundel.reductionPromotion.offerReward":"Endast {price}","offer.details.page.products.list.title":"Produkter som erbjuds","regular.quantity.ariaLabel":"Antal {productName} som lÃ¤ggs till i varukorgen","order.online.receipt.list.element.status.missing":"Saknas: {quantity}","fop.order.missing.label":"Saknas: {quantity}","regular.addToRegularsForm.option.weekly":"Varje vecka","recurring.orders.sign.up.summary.name.field.label":"Namn fÃ¶r Ã¥terkommande bestÃ¤llning","filter.accessibility.clear.single.button":"Rensa {filterAttribute}","basket.merge.no.availability":"Slut i lager","scroller.accessibility.pause":"Pausa","settings.address.book.remove.address.a11y":" {addressNickName}-adress frÃ¥n min lista","reviews.lowestrated":"LÃ¤gsta omdÃ¶me fÃ¶rst","edit.order.modal.cancel":"Avbryt","toggleablepromotions.list.alert.preapplied":"Rabatter pÃ¥ bestÃ¤llningen Ã¤r redan tillÃ¤mpade och du kan inte redigera dem","loyalty.modal.redeem.button":"AnvÃ¤nd bonuspoÃ¤ng","offer.details.page.title":"{offerDescription} {separator} erbjudanden","payment.failed.payment.method.updated":"Framtida bestÃ¤llningar kopplade till den hÃ¤r Ã¥terkommande bestÃ¤llningen kommer att debiteras med den hÃ¤r betalningsmetoden","regular.orders.tab":"Ãterkommande","logged.in.home.page.order.card.multiple.orders.title":"Du har {numberofOrders} kommande bestÃ¤llningar","reviews.bop.retailerResponse.toggleOff.label":"Visa svar till {headline}.","slotbooking.table.previous.days.complete.text":"FÃ¶regÃ¥ende dag","delivery.type.name.cnc":"HÃ¤mta","slotbooking.no.addresses.description":"LÃ¤gg till en adress fÃ¶r att se tillgÃ¤ngliga leveranstider","fop.sab.show.alternatives.text":"","recipe.details.published.prefix":"Publicerat den {publishedDate}","bop.age.restricted.enhanced":"MinderÃ¥riga fÃ¥r enligt lag inte dricka alkohol. Vi sÃ¤ljer inte alkohol till personer under {age} Ã¥r.","counter.decrease.quantity.button.alternative":"Minska antalet av {productName} i kundvagnen","shopping.list.max.lists.reached":"Listan har inte skapats. Det maximala antalet listor har nÃ¥tts.","modal.close":"","alternative.products.modal.heading":"TillgÃ¤ngliga alternativ fÃ¶r {product}","bop.lists.header":"Favoriter och listor","logged.in.home.page.book.slot.card.subtitle.next.available.slot":"NÃ¤sta tillgÃ¤ngliga leveranstid:","addresses.confirm-address.cancel":"AVBRYT","checkout.summary.payment.options.financingOptions.calculator.validUntil":"GÃ¤ller till {validityÐndDate}","bop.favorites.remove":"Ta bort frÃ¥n favoriter","settings.address.book.add.modal.save.button":"Spara","bop.product.delivery.availability.title":"","payment.failed.update.payment.button":"Uppdatera betalning","reviews.bop.retailerResponse.header":"Svar frÃ¥n Ã¥terfÃ¶rsÃ¤ljare","delivery.pass.expires.off":"FÃ¶rnyas automatiskt {renewalDate}","reviews.bop.showOriginal.button":"Visa original","logged.in.home.page.order.card.under.edit.alert.text":"Har du gjort Ã¤ndringar i din bestÃ¤llning? DÃ¥ behÃ¶ver du slutfÃ¶ra din bestÃ¤llning i kassan igen.","summary.payment.split.invoice":"Betala med faktura","settings.address.book.edit.modal.cancel":"Avbryt","language.en-CA":"Engelska","checkout.summary.payment.method.button.empty.wallet":"LÃ¤gg till ny betalningsmetod","settings.address.book.confirm.postal.code.modal.invalid.error":"Postnumret stÃ¤mmer inte, fÃ¶rsÃ¶k igen","delivery.destination.visitor.slot.reminder.book.link":"logga in eller registrera dig","delivery.destination.visitor.loginDescriptionText":"Logga in eller registrera dig fÃ¶r att boka en leveranstid","fop.add.button":"LÃ¤gg till","bop.field.title.color":"FÃ¤rg","additional.details.modal.done":"Klar","checkout.summary.bonus.check.requirement.not.met.modal.body.description":"FortsÃ¤tt handla fÃ¶r att lÃ¶sa in en av bonuscheckarna nedan.","checkout.summary.recurring.order.frequency.every.1.week":"Varje vecka","delivery.collection.filter.clearAll":"Ta bort filter","delivery.destinations.visitor.selectedMethod.changeButtonText":"Ãndra leveranssÃ¤tt","reviews.addModal.termsAndConditions.link":"","reviews.bop.customerReview.rating.accessibility":"Har fÃ¥tt omdÃ¶met {rating} av {totalRating}","settings.delivery.pass.subscription.auto.renew.modal.confirmation.title":"Vill du aktivera automatisk fÃ¶rnyelse?","checkout.summary.save.payment.details.title":"Spara betalningsuppgifter","delivery.destination.changeConfirmation.confirm.button":"BekrÃ¤fta","header.order.status.edit.link":"Ãndra fram till {date}","checkout.summary.payment.options.payNow.accessibility.blik":"","checkout.summary.discounts.loyalty.redeemed":"BonuspoÃ¤ng ({loyaltyRedeemed})","favorites.subpage.title":"{subPageName}{separator}{rootPageName}","filter.accessibility.button.closed":"Visa sÃ¶kresultatsfilter","basket.unavailable.items.section.title":"Ej tillgÃ¤ngliga varor","checkout.complete.basket.summary.payment.method":"Betalningsmetod","recipes.expandedRecipeCollectionGroupList.ariaLabel":"Urval av recept i {recipeCollection}-receptsamlingen","settings.delivery.pass.reauth.message":"Betalningen av {pass} behÃ¶ver uppdateras fÃ¶r att tjÃ¤nsten ska fÃ¶rnyas automatiskt.","checkout.summary.concierge.delivery.notification":"LÃ¤mna till dÃ¶rrvakt","shopping.list.card.number.of.items":"{numberOfItems} varor","braintree.form.submit.button":"LÃ¤gg till ny betalningsmetod","order.details.refund-request-card.cutoff-information":"Du kan begÃ¤ra Ã¥terbetalningar fram till {date}","header.delivery.book":"Se lediga leveranstider","settings.delivery.pass.subscription.auto.renew.cancel.success.toast":"Prenumerationen pÃ¥ din leveransplan avbrÃ¶ts.","braintree.form.card.number.placeholder":"4111 1111 1111 1111","order.online.receipt.accessibility.item.returned.title":"ÃterlÃ¤mnat: {productName}, antal: {productQuantity}","settings.marketing.preferences.item.marketingPushNotificationAboutORG.main":"","orders.list.no.results.subtext":"NÃ¤r du gÃ¶r en bestÃ¤llning visas den hÃ¤r sÃ¥ att du kan hantera den.","coupon.card.title":"{couponDiscountAmount} rabatt","settings.wallet.item.add":"LÃ¤gg till ny betalningsmetod","basket.checkout.group.delivery.slot.booked":"Leveranstid bokad:","shopping.lists.current.amount.exlusive.taxes":"{amount} varor (exkl. moms)","subscription.delivery.pass.auto.renew.off.message":"Din {pass} lÃ¶per ut {expiryDate}.","recurring.orders.sign.up.description":"","addresses.confirm-address.title":"BekrÃ¤fta din adress","addresses.confirm-address.selection.label":"Du angav den hÃ¤r adressen:","edit.order.modal.info.save.changes":"Om du tar bort\u002FlÃ¤gger till varor i din order behÃ¶ver du slutfÃ¶ra kÃ¶pet i kassan igen fÃ¶r att Ã¤ndringarna ska sparas.","summary.total.note":"","products.title.tagline":"Livsmedel och erbjudanden online","order.details.tab.order.again.title":"BestÃ¤ll igen","order.again.prices.info.alert":"Priserna nedan Ã¤r aktuella priser och kampanjer. Byt till fliken BestÃ¤llningsuppgifter om du vill se de priser du betalade nÃ¤r bestÃ¤llningen levererades.","settings.marketing.preferences.marketing.section.group.0.subtitle":"","navigation.logout":"Logga ut","order.details.heading.future":"Order lagd","checkout.complete.payment.title":"Betalning","order.additionalReservation":"Vi reserverar ett extra belopp pÃ¥ {bufferPercent} % av din order fÃ¶r att tÃ¤cka kostnad fÃ¶r eventuella ersÃ¤ttningsvaror","change.store.modal.title":"Ãndring av butiker","settings.delivery.pass.free.trial.no.address":"Du behÃ¶ver lÃ¤gga till en adress innan du kan fÃ¥ en kostnadsfri provperiod","checkout.summary.save.payment.details.link":"","slotbooking.table.week.days.sat":"LÃ¶r","contentBlocks.inPage.aside.aria.label":"InnehÃ¥llsblock pÃ¥ sidan","logged.in.home.page.order.card.multiple.orders.subtitle":"Se dina bestÃ¤llningsdetaljer hÃ¤r","order.details.requested-for-refund.creation-time-passed":"Tiden fÃ¶r att begÃ¤ra en Ã¥terbetalning har gÃ¥tt ut, men du kan fortfarande kontakta oss om det Ã¤r nÃ¥got fel pÃ¥ din bestÃ¤llning.","checkout.complete.order.reference":"BestÃ¤llningsreferens","addresses.add-address-button":"LÃ¤gg till adress","counter.increase.quantity.button.alternative.with.product":"Ãka antalet av {productName} i kundvagnen","regular.addToRegularsForm.submit.ariaLabel":"LÃ¤gg till {productName} i Ã¥terkommande","settings.delivery.pass.plan.name.with.free.trial":"{planName} â kostnadsfri provperiod","filter.accessibility.clear.all.button":"Rensa alla tillÃ¤mpade filter","user.contactDetails.surname.placeholder":"Efternamn","recurring.orders.sign.up.learn.more.slot.header":"","user.contactDetails.firstName.title":"FÃ¶rnamn","fop.price.per.ml":"{price} per milliliter","settings.sidebar.delivery.pass":"Leveransplan","address.form.field.floorDoor":"VÃ¥ning\u002FDÃ¶rr","orders.list.no.results.browse":"FortsÃ¤tt handla","instant.shop.no.products.added":"Smart Shop kunde inte lÃ¤gga till nÃ¥gra varor i kundvagnen","order.edit.expired.modal.title":"Redigering av din bestÃ¤llning","settings.delivery.pass.page.subtitle":"En enda betalning ger ett obegrÃ¤nsat antal kostnadsfria leveranser","delivery.price.modification.levels.half.and.free.none.reached":"Fri leverans pÃ¥ bestÃ¤llningar frÃ¥n {freeDeliveryThreshold} och leverans till halva priset pÃ¥ bestÃ¤llningar frÃ¥n {halfPriceDeliveryThreshold}","logged.out.home.page.heading":"Hemsida","promotions.meta.descriptionTagline":"Se vÃ¥ra senaste erbjudanden, kampanjer och rabatter.","fop.group.title.other":"Ãvrigt","logged.in.home.page.order.card.undelivered.editable.title":"Din kommande bestÃ¤llning","counter.decrease.quantity.button.alternative.with.product":"Minska antalet av {productName} i kundvagnen","home.button":"Hemsida","header.topbar.logout":"Logga ut","fop.price.per.litre":"{price}\u002Fl","payment.failed.declined.intro":"Betalningen fÃ¶r denna bestÃ¤llning misslyckades. VÃ¤lj en annan betalningsmetod eller lÃ¤gg till en ny. Alternativt kan du fÃ¶rsÃ¶ka avhjÃ¤lpa eventuella problem med din bank, sÃ¥ fÃ¶rsÃ¶ker vi behandla din utestÃ¥ende betalning igen Ã¶ver natten.","delivery.pass.plan.transitioning.message":"Den hÃ¤r prenumerationsplanen Ã¤ndras till en ny plan.","filter.options.label.all.favorites":"Alla favoriter","delivery.collection.address.preview.button.accessibility":"Visa pÃ¥ karta {addressNickname}","order.online.receipt.alert.after.cut.off.pdf.receipt.disabled":"En fullstÃ¤ndig sammanfattning fÃ¶r bestÃ¤llningen Ã¤r inte tillgÃ¤nglig Ã¤n. Kolla igen om nÃ¥gra timmar.","recipes.breadcrumb.savedRecipesPage":"","checkout.summary.age.restriction.title":"ÃldersbegrÃ¤nsning","delivery.page.title":"Boka din leveranstid","checkout.summary.delivery.title":"Leveransuppgifter","instant.shop.navigation.button":"Smart Shop","delivery.type.message.cnc":"HÃ¤mta din bestÃ¤llning nÃ¤r det passar dig","regular.subpage.title":"{subPageName}{separator}{rootPageName}","settings.address.book.add.modal.search.label":"SÃ¶k adress","checkout.complete.recrurring.order.card.alert":"En Ã¥terkommande bestÃ¤llning har skapats. Du kan avbryta den nÃ¤r du vill utan kostnad.","price.tax.note.inclusive":"(inkl. moms)","search.no.results.title.subtext":"Prova ett annat sÃ¶kord eller blÃ¤ddra i vÃ¥ra kategorier","settings.sidebar.title":"KontoinstÃ¤llningar","settings.delivery.pass.free.trial.cancel.auto.renew.reminder":"Du kan aktivera automatisk fÃ¶rnyelse nÃ¤r du vill.","delivery.destination.temporary.home.alert.nondeliverable":"Vi levererar inte till din adress Ã¤n. VÃ¤lj ett utlÃ¤mningsstÃ¤lle.","toggleablepromotions.accessibility.toggle.switch.off.label":"Visa dina rabatter","alternative.products.page.title":"Liknande produkter","settings.delivery.pass.heading":"Leveransplan","regular.noRegulars.mainSection.header":"Inga Ã¥terkommande varor Ã¤n","filter.accessibility.selected.filters.list":"Valda filter","bop.field.title.storage":"FÃ¶rvaring","summary.savings":"Rabatter","vouchers.validation.failure.minimum.spend.not.met":"Det totala bestÃ¤llningsvÃ¤rdet understiger minimibeloppet som krÃ¤vs fÃ¶r rabattkoden. Observera att vissa produkter kan vara undantagna frÃ¥n minimibeloppet som krÃ¤vs (till exempel cigaretter, alkohol och sÃ¥ vidare).","sort.title":"Sortera","toggleablepromotions.list.title":"Rabatter","bop.instalment.drawer.creditCard.apply":"Har du inte vÃ¥rt kreditkort Ã¤n? {link description}","slotbooking.modal.checkout.button":"GÃ¥ till kassan","regular.removeAllRegularsModal.success":"Alla dina Ã¥terkommande produkter togs bort","shopping.list.item.dropdown.edit":"Ãndra namn","delivery.collection.map.location.button.accessibility":"AnvÃ¤nd min plats fÃ¶r att generera en lista med nÃ¤rmaste utlÃ¤mningsstÃ¤llen","checkout.summary.express.collection.info":"","basket.merge.notification.review.trolley":"Visa din varukorg","address.form.field.buildingNumber":"Byggnadsnummer","recurring.orders.sign.up.payment.return.to.your.orders":"Ã¥tergÃ¥ till dina bestÃ¤llningar","sort.accessibility.button.open":"Sortera resultaten med dessa alternativ","accountSettings.language.selection.label":"Ãnskat sprÃ¥k","slotbooking.modal.oos.products.title":"Produkter","header.topbar.basket.button.accessibility.label.price.shown":"Totalt antal varor i varukorgen {quantity}. Antal i varukorgen {price}.","recurring.orders.sign.up.learn.more.control.content":"","refunds.refund-request-header.text":"Du kan begÃ¤ra Ã¥terbetalning fÃ¶r alla skadade eller saknade varor. VÃ¤lj de varor du vill fÃ¥ Ã¥terbetalning fÃ¶r.","recipe.linkToBrowse":"BlÃ¤ddra","logged.in.home.page.order.card.under.edit.accessibility.title.label":"FortsÃ¤tt till kassan","page.title.pattern":"{tagline} {title}","recurring.orders.sign.up.after.next.order.description":"","slotbooking.oos.vouchers.title":"Rabattkoder","order.rebook.basket.has.items.cancel":"Nej","adBanner.responsive.roundel.multibuyPromotion.freeReward.rewardEqualsToOne":"KÃ¶p {totalProducts} fÃ¶r {requiredProducts}","delivery.pass.region.add.address.button.text":"LÃ¤gg till ny adress","settings.delivery.pass.auto.renew.on.message":"Din {pass} kommer automatiskt att fÃ¶rnyas {expiryDate}. Kontakta oss om du vill gÃ¶ra Ã¤ndringar i din plan.","orders.list.status.cancelled":"Du avbrÃ¶t den hÃ¤r bestÃ¤llningen","order.online.receipt.accessibility.list.products":"Produktlista","loyalty.modal.validation.status.order-value-exceeded":"Antalet kan inte Ã¶verstiga bestÃ¤llningsvÃ¤rdet","checkout.summary.save.payment.details.validation.error":"Det hÃ¤r alternativet mÃ¥ste vÃ¤ljas fÃ¶r Ã¥terkommande varor","basket.progress.stepper.heading":"Visa varukorgen","delivery.booked.alert":"Din leverans Ã¤r bokad till","order.details.substituted.items.title":"Ersatta","logged.in.home.page.order.card.undelivered.uneditable.accessibility.title.label":"Visa bestÃ¤llning","user.contactDetails.moniker.title":"Ãnskat namn","orders.list.card.status.delivery.delayed":"Sen leverans â {time}","checkout.complete.action.buttons.header":"Tack fÃ¶r att du handlar hos oss.","request.error.action.button":"FÃ¶rsÃ¶k igen","search.infinite.scroll.show.more":"Visa mer","basket.summary.footer":"","order.online.receipt.invoice.not.generated.yet":"Det gÃ¥r inte att generera en faktura Ã¤n","edit.order.modal.title":"Ãndra bestÃ¤llning","bop.alternatives.text":"Se liknande ({numberOfAlternatives})","feedback.modal.cancel":"Avbryt","skip.search":"GÃ¥ till sÃ¶kning","logged.in.home.page.book.slot.card.slot.new":"Ny leveranstid: {newSlotDeliveryInterval}, {address}","basket.header.threshold.modal.heading":"Din varukorg nÃ¥r inte upp till vÃ¥rt minsta bestÃ¤llningsbelopp.","settings.login.details.heading":"E-post och lÃ¶senord","logged.in.home.page.book.slot.card.subtitle.next.available.express.collection.slot":"","settings.login.details.edit":"Ãndra","deposit.description":"Pant tillkommer","bop.field.title.furtherDescription":"Ytterligare beskrivning","recipes.breadcrumb.backToSearchResultsPage":"Tillbaka till sÃ¶kresultat","user.contactDetails.password.title":"LÃ¶senord","orders.list.recurring.order.editPayment.modal.confirm":"BekrÃ¤fta","delivery.destination.homepage.check.card.title":"Kontrollera om vi levererar till dig","checkout.complete.loyalty.title":"Bonus","delivery.pass":"Leveransplan","basket.button.alternative":"Varukorg","settings.page.menu.title":"Meny","skip.quick.view.trolley.footer":"GÃ¥ till sidfoten fÃ¶r kundvagnen fÃ¶r snabbvisning","delivery.pass.subscription.card":"","bop.field.title.unitType":"Typ av enhet","refunds.item-selection-modal.header":"BegÃ¤r Ã¥terbetalning","regular.removeAllModal.header":"Vill du ta bort alla Ã¥terkommande varor?","settings.login.details.password":"********","delivery.pass.auto.renew.off.message":"Din {pass} lÃ¶per ut {expiryDate}.","checkout.summary.title":"SlutfÃ¶r din bestÃ¤llning","fop.price.per.wash":"{price}\u002FtvÃ¤tt","basket.remove.loyalty.units.error":"NÃ¥got gick fel. FÃ¶rsÃ¶k igen.","payment.failed.payment.method.not.updated":"Betalningsmetoden har inte sparats. Du behÃ¶ver ange betalningsuppgifterna igen fÃ¶r kommande bestÃ¤llningar.","regular.addToRegulars.body":"Ãterkommande produkter debiteras det pris som anges pÃ¥ den dag de lÃ¤ggs till. Om de ingÃ¥r i en kampanj nÃ¤r de lÃ¤ggs till, sÃ¥ betalar du kampanjpriset.","fop.missed.promotion.complete.text":"Kampanj aktiverad","recipe.details.servings":"Portioner","logged.in.home.page.book.slot.card.title.express.collection.slot.booked":"","checkout.summary.payment.method.button":"LÃ¤gg till ny betalningsmetod","address.form.field.county":"Land","orders.list.estimated":"(ca)","slotbooking.oos.price.changed":"Vissa priser och kampanjer kan skilja sig fÃ¶r den hÃ¤r platsen.","regular.removeRegular.success":"Produkten har tagits bort frÃ¥n dina Ã¥terkommande produkter","accessibility.collection.points.search.button":"SÃ¶k efter utlÃ¤mningsstÃ¤llen","basket.summary.checkout":"GÃ¥ till kassan","basket.merge.unknown.product":"SÃ¤ljs inte lÃ¤ngre","checkout.complete.header.heading":"BestÃ¤llningsbekrÃ¤ftelse","checkout.summary.payment.options.financingOptions.calculator.total":"Totalt: {paymentTotalAmount}","fop.featured.label":"Utvald","delivery.destination.method.update.failed":"LeveranssÃ¤ttet kunde inte uppdateras. FÃ¶rsÃ¶k igen.","orders.list.link.receipt":"Kvitto","basket.remove.out.of.stock.items.modal.header":"Vill du ta bort varor som Ã¤r slut pÃ¥ lager?","order.details.refund-request-items.header":"ÃterbetalningsfÃ¶rfrÃ¥gningar","order.buy.again":"LÃ¤gg produkterna i varukorgen","feedback.modal.header":"BerÃ¤tta fÃ¶r oss vad du tycker","address.addressForm.postcodeInput":"Postnummer","instant.shop.empty.trolley.button":"Prova Smart Shop","regular.quantity.update.success":"{productName} Ã¥terkommande antal instÃ¤llt till {quantity}","regular.addToRegularsModal.error":"Ett problem uppstod. FÃ¶rsÃ¶k igen.","products.meta.descriptionTagline":"Handla hos oss idag och fÃ¥ hemleverans!","basket.add.availability.reminder":"","bop.instalment.price.perMonth":"{price} per mÃ¥nad","checkout.complete.view.order":"Visa bestÃ¤llning","settings.delivery.pass.subscription.auto.renew.cancel.modal.title":"Vill du avbryta automatisk fÃ¶rnyelse?","order.details.rebook.info":"Eftersom vi var tvungna att avbryta din bestÃ¤llning kan du boka om den och fortfarande fÃ¥ ta del av alla erbjudanden och kampanjer som var aktuella vid den fÃ¶rsta bokningen. Om du anvÃ¤nde en rabattkod behÃ¶ver du lÃ¤gga till den pÃ¥ nytt.","filter.accessibility.button.open":"DÃ¶lj sÃ¶kresultatsfilter","basket.merge.conflict.modal.alert":"Vissa varor kunde inte lÃ¤ggas till i din varukorg","shopping.list.empty.card.text":"SÃ¶k efter en vara och vÃ¤lj ikonen fÃ¶r fler alternativ om du vill lÃ¤gga till den i listan.","addresses.error-address.title.label":"Vi kunde inte hitta din adress, var god fÃ¶rsÃ¶k igen eller kontakta kundservice.","checkout.summary.modal.invoice.alert.warning.text":"ÃterstÃ¤ll Ã¥terkommande varor genom att klicka pÃ¥ Avbryt","delivery.type.select.button.alternative.cnc":"Boka utlÃ¤mning","bop.field.title.cookingGuidelines":"Tillagning","loyalty.modal.minimum.caption":"Du Ã¤r {minSpendShortfall} frÃ¥n vÃ¥rt minsta bestÃ¤llningsbelopp pÃ¥ {minSpend}","basket.checkout.group.checkout.button":"GÃ¥ till kassan ({order} av {count})","guaranteed.product.life.badge.year":"{quantity} Ã¥+","recipe.details.shopForIngredients.link":"KÃ¶p ingredienser","change.store.modal.cancel":"Avbryt","recipe.details.ingredients.heading":"Ingredienser","offer.details.status.unachievable":"Erbjudandet Ã¤r inte tillgÃ¤ngligt fÃ¶r tillfÃ¤llet","logged.in.home.page.book.slot.card.slot.booked.alert.text":"Din leveranstid Ã¤r reserverad till: {expiryTime}","delivery.collection.location.title":"VÃ¤lj ditt utlÃ¤mningsstÃ¤lle","checkout.complete.payment.method.payAtDelivery.title":"","guaranteed.product.life.description.day.other":"{quantity} dagars hÃ¥llbarhet garanteras","checkout.summary.age.confirmation.label":"Jag intygar att jag Ã¤r {age} Ã¥r eller Ã¤ldre","adBanner.responsive.roundel.reductionPromotion.percentReward.33":"Spara {percent} %","payment.failed.heading":"Betala fÃ¶r din bestÃ¤llning","shopping.lists.details.empty.subtext":"SÃ¶k efter varor att lÃ¤gga till i listan","checkout.complete.basket.reminder.title.singular":"{basketTotalQuantity} vara kvar i kundvagnen","validation.msg.required":"Obligatoriskt","recipe.savedRecipesPage.noRecipesDescription":"","bop.field.title.countryOfBottling":"Buteljeringsland","basket.empty.button":"BÃ¶rja handla","language.ko-KR":"íêµ­ì´","request.error.title":"NÃ¥got har gÃ¥tt fel ...","promotion.details.meta.descriptionTagline":"Handla hos oss idag.","settings.delivery.pass.free.trial.enable.auto.renew":"Prenumerationen fÃ¶rnyas nÃ¤r den kostnadsfria provperioden gÃ¥r ut den {expiryDate}.\u003Cbr\u002F\u003E\u003Cbr\u002F\u003E Du kan avbryta den nÃ¤r du vill.","fop.price.per.10gram":"{price} per 10Â g","summary.bag.charge.alt":"PreliminÃ¤r reservation fÃ¶r kassar","addresses.add.address":"LÃ¤gg till en adress","order.buy.again.under.edit.modal.ok":"Ja","instant.shop.modal.title":"Smart Shop","orders.list.cancel.changes.modal.cancel.changes":"Ãngra Ã¤ndringar","summary.total.inclusive.tax":"(inkl. moms)","checkout.summary.payment.loyalty.additional.payment.required":"Du behÃ¶ver ange en ytterligare betalningsmetod nÃ¤r du anvÃ¤nder bonuspoÃ¤ng fÃ¶r att tÃ¤cka pantavgiften pÃ¥ 5Â %","basket.out.of.stock.items.section.title":"Varor slut pÃ¥ lager","checkout.summary.payment.method.unsaved.title":"AnvÃ¤nd bara en gÃ¥ng","checkout.summary.payment.method.message":"Betalning sker nÃ¤r bestÃ¤llningen har levererats","fop.ordered.quantity":"Antal:","basket.button.open.expanded.trolley.alternative":"Ãppna kundvagn fÃ¶r snabbvisning","delivery.destination.selectedMethod.collection.changeToHomeDescription":"Vill du fÃ¥ leverans hem?","payment.failed.error.general":"Din nya betalningsmetod kan inte lÃ¤ggas till just nu. FÃ¶rsÃ¶k igen om nÃ¥gra minuter.","header.topbar.basket.button.aria.label":"Varukorg. Hela priset fÃ¶r bestÃ¤llningen hittar du i summeringen nedan","payment.failed.summary":"Summering","categories.accessibility.bottom.sheet.close.button":"StÃ¤ng","registration.registrationField.internalMarketing.description":"FÃ¥ erbjudanden och annan marknadsfÃ¶ringskommunikation frÃ¥n oss.","delivery.type.select.heading":"Hur vill du ta emot dina varor?","delivery.pass.free_trial.success.expiry":"Din kostnadsfria provperiod gÃ¥r ut den {expiryDate} och din prenumeration startar automatiskt. Du kan avbryta den nÃ¤r du vill.","settings.delivery.pass.free.trial.plan.start":"Starta kostnadsfri provperiod","delivery.pass.free_trial.success_modal.subtitle":"Summering","recurring.orders.sign.up.close.cancel":"","basket.merge.reorder.exceeded.quantity":"{addedAmount} har lagts till. Det maximala antalet har uppnÃ¥tts","delivery.collection.list.header.accessibility":"Lista Ã¶ver utlÃ¤mningsstÃ¤llen","checkout.summary.bonus.check.redeem.modal.title":"Bonuscheck","logged.out.home.page.card.log.in.subtitle":"Logga in fÃ¶r att fÃ¥ stammispriser, se lagerstatus och leveranstider m.m.","checkout.summary.payment.method.label.pay.with.invoice":"Betala med faktura","checkout.summary.age.confirmation.error":"Markera kryssrutan fÃ¶r att intyga din Ã¥lder","orders.list.past.retention.P3M":"(senaste 3 mÃ¥naderna)","delivery.pass.subscription.success.modal.button.close":"StÃ¤ng","instant.shop.remove.modal.remove":"Ta bort varor","basket.add.availability.reminder.modal.title":"Logga in \u002F Bli stammis","order.details.requested-for-refund.items.title":"ÃterbetalningsfÃ¶rfrÃ¥gningar","offer.details.bundle.status.achieved.repeat":"LÃ¤gg till alla fÃ¶r att fÃ¥ erbjudandet","bop.field.title.countryOfManufacture":"Tillverkningsland","fop.featured.label.description":"Det hÃ¤r Ã¤r en utvald produkt","slotbooking.table.part.of.day.part3":"KvÃ¤ll","recipe.searchPage.resultsText":"{resultCount} resultat fÃ¶r â{searchTerm}â","settings.user.details.change.credentials.modal.title":"Ãndra inloggningsuppgifter","settings.details.heading":"Kontouppgifter","slotbooking.confirm.alert.express.collection":"","fop.missed.promotion.complete.text.alternative":"Kampanj aktiverad","settings.delivery.pass.region.address.undeliverable":"","bop.instalment.drawer.option.validDate":"GÃ¤ller till {date}","delivery.pass.region.see.passes.button.text":"Se tillgÃ¤ngliga leveransplaner","logged.out.home.page.card.log.in.title":"Logga in","toggleablepromotions.notification.promotions.selected.promotion.replaced.by.voucher":"Rabattkoden kan inte anvÃ¤ndas med det befintliga kontot.","payment.failed.already.processed":"Den betalningen kan inte lÃ¤ngre Ã¤ndras â den kan ha gÃ¥tt igenom","bop.field.title.countryOfFarming":"Odlingsland","slotbooking.modal.oos.checkout.button":"GÃ¥ till kassan","footer.cookie.policy":"Cookiepolicy","regular.noRegulars.explanationCards.2.body":"Tryck pÃ¥ âLÃ¤gg till som Ã¥terkommandeâ eller pÃ¥ â...â-ikonen och vÃ¤lj hur ofta du vill att den ska lÃ¤ggas till i din kundvagn.","order.details.refund-request-items.status.approved":"Ãterbetalade:","shopping.lists.action.modal.update.title":"Ãndra namn","orders.list.recurring.order.frequency.every.2.weeks":"Varannan vecka","adBanner.responsive.roundel.reductionPromotion.discountReward":"Spara {discount}","basket.checkout.group.overview.header.main":"{order} av {count}: {name}","checkout.3ds.page.title":"","common.login.spinner.manual.redirect.link.text":"Uppdatera","logged.in.home.page.book.slot.card.subtitle.slot.and.address.format":"{interval}, {address}","error.sessionExpired.message":"Du har inte varit aktiv pÃ¥ en stund â ladda om sidan.","orders.list.status.future.editable.edit.link":"Ã¤ndra","bop.field.title.productLine":"Produktserie","recurring.orders.sign.up.step.title.address":"VÃ¤lj en adress","feedback.modal.dropdown.label":"Problem? FÃ¶rslag? BerÃ¤tta fÃ¶r oss:","summary.subtotal.price.note":"(exkl. ytterligare avgifter)","order.online.receipt.list.substitution.heading.substitute.accepted":"GodkÃ¤nda ersÃ¤ttningsvaror","delivery.type.select.breadcrumb":"VÃ¤lj leveransmetod","order.online.receipt.download.receipt.button":"PDF-kvitto","edit.order.modal.checkbox":"Visa inte det hÃ¤r igen","slotbooking.change.delivery.address":"Ãndra adress","toggleablepromotions.notification.promotions.link":"Visa rabatter","slotbooking.navigation.card.change.slot.expiration.alert.text.hint":"Den nya leveranstiden gÃ¥r ut {expiryTime}. Om du vill spara eventuella Ã¤ndringar i bestÃ¤llningen behÃ¶ver du gÃ¥ till kassan igen.","slotbooking.slot.unavailable.body":"Det finns inga leveranstider tillgÃ¤ngliga fÃ¶r denna butik","registration.registrationField.internalMarketing.title":"Intern marknadsfÃ¶ring","bop.field.title.recyclingInformation":"Ãtervinningsinformation","toggleablepromotions.modal.expires":"GÃ¤ller till {date}","reviews.addModal.rating":"*ProduktomdÃ¶me","checkout.summary.recurring.order.confirmed.frequency.message":"BestÃ¤llningen levereras varje {weekDayName} mellan {slotTimeRange} frÃ¥n {startingSlotDate}.","recurring.orders.sign.up.learn.more.slot.content":"","delivery.destination.selectedMethod.servedBy":"BetjÃ¤nas av","settings.address.book.add.modal.select.address.label":"Adress","recipe.details.methodList.ariaLabel":"Metodsteg","address.form.field.prefecture":"Prefektur","address.form.errorMessage":"Du anvÃ¤nder ogiltiga tecken","checkout.summary.payment.method.nonblocking.alert":"Spara en betalningsmetod fÃ¶r anvÃ¤ndning med framtida bestÃ¤llningar, eller fortsÃ¤tt att lÃ¤gga din bestÃ¤llning.","product.availability.out.of.stock":"Ej tillgÃ¤nglig(a): {itemQty}","logged.in.home.page.order.card.undelivered.uneditable.title":"Din kommande bestÃ¤llning","orders.placeholder.recurring.order.cancel.modal.dismiss.button":"Avbryt inte","delivery.destination.visitor.address.list.collection.header":"UtlÃ¤mningsstÃ¤llen","checkout.summary.payment.options.payNow.title":"","slotbooking.table.previous.days":"FÃ¶reg. dag","skip.checkout.progress":"Hoppa till fÃ¶rloppsindikatorn fÃ¶r kassan","shopping.lists.modal.reg.remove":"Ta bort produkt frÃ¥n Ã¥terkommande varor","reviews.addModal.termsAndConditions.link.label":"regler och villkor","bop.instalment.drawer.subheader":"TillgÃ¤ngligt med {optionIcon}","basket.merge.failure.notification":"Varorna du hade i din varukorg innan du loggade in har inte sparats, sÃ¥ tyvÃ¤rr mÃ¥ste du lÃ¤gga till dem igen.","bop.field.title.precautionaryStatements":"Skyddsangivelser","delivery.destination.selectedMethod.home.header":"Hemleverans","edit.order.progress.title":"GÃ¥ till kassan igen fÃ¶r att spara Ã¤ndringarna","delivery.type.message.van":"Vi levererar hela vÃ¤gen fram till dÃ¶rren","recipe.search":"SÃ¶k efter ett recept","expanded.trolley.close.button.alternative":"StÃ¤ng kundvagn fÃ¶r snabbvisning","refunds.item-selection-modal.category-placeholder":"VÃ¤lj","bop.time.restricted.button":"TidsbegrÃ¤nsad","guaranteed.product.life.description.week.one":"1 veckas hÃ¥llbarhet garanteras","recurring.orders.sign.up.summary.frequency":"Frekvens","settings.marketing.preferences.marketing.section.group.1.title":"","delivery.type.select.page.title":"","checkout.summary.additional.info.box.title":"Har vi rÃ¤tt kontaktuppgifter?","order.online.receipt.accessibility.item.title":"{productName}, antal: {productQuantity}","vouchers.validation.failure.already.added":"Den hÃ¤r rabattkoden har redan tillÃ¤mpats i samband med denna bestÃ¤llning","checkout.summary.bonus.check.requirement.not.met.modal.close.button.description":"Tillbaka till kassan","basket.merge.conflict.modal.heading":"Saknade varor","fop.price.per.dose":"{price}\u002Fdos","header.order.status.pending.order":"Leveranstid: {date} {start}â{end}.","adBanner.responsive.roundel.reductionPromotion.discountReward.saveUpTo":"Spara upp till {discount}","slotbooking.oos.new.slot.chip":"Ny leveranstid","page.title.pattern.with.separator":"{title}{separator}{name} {tagline}","basket.header.heading":"Din varukorg","reviews.bop.customerReviews.header":"Kundrecensioner ({reviewCount})","order.details.heading.delivered":"Levererad","header.order.status.delivery.text":"fÃ¶r att visa aktuell lagerstatus","recurring.orders.sign.up.learn.more.header":"","orders.list.cancel.order.modal.cancel.order":"Avboka bestÃ¤llning","fop.tax.inclusive":"({grossPrice} inkl. moms)","delivery.collection.type.collectionPoint.text":"UtlÃ¤mningsstÃ¤lle","guaranteed.product.life.badge.week":"{quantity} v+","refunds.summary.non-empty.collapsed.header":"Ãterbetalningar","delivery.destination.method.update.success":"LeveranssÃ¤ttet har uppdaterats","recipes.breadcrumb.recipesCollectionsPage":"Alla samlingar","slotbooking.table.cell.aria.time":"Tid","settings.user.details.edit":"Ãndra","slotbooking.modal.oos.price.changed":"Vissa priser och kampanjer kan skilja sig fÃ¶r den hÃ¤r platsen.","delivery.type.select.button.alternative.van":"Boka hemleverans","recommended-products.empty.message.button":"BlÃ¤ddra","basket.multiple.deliveries.modal.checkbox.label":"Visa inte det hÃ¤r igen","toggleablepromotions.notification.promotions.selected.promotion.changed":"Den valda rabatten kan inte anvÃ¤ndas.","basket.merge.reorder.partially.exceeded.quantity":"Enbart {addedAmount} lades till. Det maximala antalet har uppnÃ¥tts","fop.group.title.personalized":"Toppresultat","instant.shop.modal.box.message":"Smart Shop baseras pÃ¥ dina tidigare bestÃ¤llningar","delivery.home.header":"VÃ¤lj adress fÃ¶r hemleverans","accountSettings.contactDetails.mobilePhoneLabel":"Telefonnummer","calendar.current.month":"Innevarande mÃ¥nad: {month}","registration.registrationField.sms.description":"Ange ett mobilnummer sÃ¥ SMS:ar vi dig nÃ¤r dina varor Ã¤r pÃ¥ vÃ¤g. TjÃ¤nsten Ã¤r gratis och vi skickar aldrig nÃ¥gra oÃ¶nskade meddelanden.","basket.merge.conflict.modal.ok":"Visa varukorg","accessibility.top-tabs.label":"Ãvre flikar","fop.price.per.eatable.litre":"{price}\u002Fl Ã¤tklar","sorting.option.favorite":"Favoriter fÃ¶rst","settings.add.address.dialog.out.of.range":"Vi levererar Ã¤nnu inte till detta omrÃ¥de","slotbooking.express.collection.delivery.booked.alert.info":"","checkout.summary.electronic.device.collection.additional.info":"","braintree.tokenize.invalid.fields.message":"Delar av de uppgifter du angett Ã¤r ogiltiga","recipe.browseCollection.description":"Hitta recept fÃ¶r alla tillfÃ¤llen med vÃ¥ra samlingar","registration.registrationField.externalMarketing.description":"FÃ¥ erbjudanden och annan marknadsfÃ¶ringskommunikation frÃ¥n vÃ¥ra betrodda partner.","common.validation.validMobilePhone":"Ogiltigt telefonnummer","orders.list.card.status.picked":"Vi fÃ¶rbereder din bestÃ¤llning","order.edit.expired.modal.body":"De Ã¤ndringar du gjort har inte sparats.","logged.in.home.page.order.card.start.shopping.subtitle":"Vi kommer ihÃ¥g vad du lÃ¤gger i varukorgen sÃ¥ att det blir smidigare nÃ¤r du besÃ¶ker oss nÃ¤sta gÃ¥ng.","price.tax.note.exclusive":"(exkl. moms)","regular.basketRemoveAllModal.cancel":"Avbryt","basket.header.empty.modal.heading":"Ãr du sÃ¤ker pÃ¥ att du vill tÃ¶mma din varukorg?","orders.list.past.retention.P1Y":"(senaste Ã¥ret)","mhra.alternative":"Klicka fÃ¶r att verifiera att denna webbplats fungerar lagligt.","delivery.pass.expires.on":"LÃ¶per ut {expiryDate}","checkout.summary.payment.options.financingOptions.calculator.commissionFee":"Kommissionsavgift","slotbooking.modal.confirm.reserved.checkout.walk.mode.notification":"SlutfÃ¶r din bestÃ¤llning fÃ¶re","site.privacy.notification.link.text":"vÃ¥r policy","recipe.details.totalTime":"Total tid","checkout.summary.place.order.summary.item.label":"varor","settings.address.book.add.modal.select.address.placeholder":"VÃ¤lj din adress","skip.footer":"GÃ¥ till sidfot","adBanner.responsive.roundel.multibuyPromotion.discountReward":"KÃ¶p {requiredProducts}, spara {discount}","search.filter.clear":"Ta bort filter","checkout.summary.recurring.order.frequency.every.2.weeks":"Varannan vecka","checkout.summary.payment.options.financingOptions.dropdown.label":"VÃ¤lj finansieringsalternativ","checkout.summary.age.restriction.warning":"Om du ser ut att vara yngre Ã¤n 25 Ã¥r kan du bli tillfrÃ¥gad att uppvisa legitimation vid leverans av din bestÃ¤llning fÃ¶r att pÃ¥visa att du Ã¤r {age} Ã¥r eller Ã¤ldre.","settings.marketing.preferences.marketing.section.group.1.subtitle":"","recurring.orders.sign.up.unavailable.at.the.moment":"","settings.address.book.add.modal.fetch.error":"Ett problem uppstod. FÃ¶rsÃ¶k igen.","not.found.page.title":"","order.details.heading.future.edit.until":"Du kan Ã¤ndra den hÃ¤r bestÃ¤llningen fram till {editUntilDate}","fop.price.per.disk":"{price}\u002Fdisk","settings.wallet.remove.item.success":"Din betalningsmetod togs bort.","basket.overview.header.list.accessibility.hidden.products.counter.expandable":"","slotbooking.oos.voucher.add.error":"Ett problem uppstod nÃ¤r rabattkoden skulle lÃ¤ggas till.","addresses.error-address.learn-more.button":"LÃ¤s mer","braintree.tokenize.fail.cvv.message":"SÃ¤kerhetskoden du angav Ã¤r felaktig","additional.details.modal.age.confirmation.label":"Jag intygar att jag Ã¤r {age} Ã¥r eller Ã¤ldre","counter.edit.quantity.input.alternative":"Antal av {productName} i kundvagnen","promotions.no.results.subtext":"Ãterkom senare eller blÃ¤ddra i vÃ¥ra kategorier","orders.list.future.title":"Kommande bestÃ¤llningar","loyalty.modal.redeemable.caption":"PoÃ¤ng att spendera","recipe.ingredients.not.found.title":"Inga produkter hittades","sort.button.default":"Sortera","checkout.summary.concierge.termsandconditions.prelink.text":"Jag godkÃ¤nner att min bestÃ¤llning lÃ¤mnas hos en dÃ¶rrvakt i enlighet med dessa","regular.updateRegular.quantity.success":"Antal Ã¤ndrades","vouchers.validation.failure.better.promotion.was.available":"En bÃ¤ttre kampanj tillÃ¤mpades. Du kan anvÃ¤nda rabattkoden vid nÃ¤sta bestÃ¤llning.","bop.catch.weight.unit":"Ca","settings.delivery.pass.subscription.view.receipt.button":"Kvitto","checkout.complete.basket.reminder.title.plural":"{basketTotalQuantity} varor kvar i kundvagnen","fop.hide.alternatives.text":"DÃ¶lj alternativ","delivery.destination.homeDelivery.changeAddress.header":"VÃ¤lj adress","order.buy.again.modal.keep":"FortsÃ¤tt","address.form.field.zipCode":"Postnummer","slotbooking.table.cell.aria.price":"Pris","settings.delivery.pass.subscription.switch.pass.button":"Prenumerera","navigation.categories.title":"Kategorier","orders.list.past.no.more.orders":"Det finns inga fler bestÃ¤llningar att visa.","bop.field.title.agent":"Agent","sort.accessibility.bottom.sheet.close.button":"StÃ¤ng","checkout.summary.basket.summary.voucher.success":"Rabattkoden har aktiverats","logged.in.home.page.lists.card.subtitle":"Skapa och namnge inkÃ¶pslistor fÃ¶r olika tillfÃ¤llen","order.details.receipt":"Visa kvitto","addresses.add.dialog.title":"Adressen kan inte lÃ¤ggas till","toggleablepromotions.modal.select.slot.from.date":"VÃ¤lj slot frÃ¥n {date}","checkout.summary.pharmacy.modal.confirmation-required.header":"","fop.regular.icon.description":"I dina Ã¥terkommande","regular.addToRegularsModal.success":"Varan lÃ¤ggs till i kundvagnen frÃ¥n nÃ¤sta mÃ¥ndag","favorite.remove.item.error":"NÃ¥got gick fel. FÃ¶rsÃ¶k igen.","delivery.pass.region.select.validity.text":"Leveransplanen Ã¤r giltig fÃ¶r alla adresser i ett omrÃ¥de.","settings.delivery.pass.subscription.auto.renew.modal.confirmation.info":"Din {planName} kommer automatiskt att fÃ¶rnyas {expireTime}","search.categories.aisles.button":"Kategorier","regular.addToRegulars.trolleyExplanation":"Produkten lÃ¤ggs i varukorgen nÃ¤sta mÃ¥ndag.","orders.list.cancel.changes.modal.dismiss":"FortsÃ¤tt Ã¤ndra bestÃ¤llningen","recipe.ingredients.products.hide":"DÃ¶lj produkter","checkout.summary.modal.invoice.continue":"FortsÃ¤tt","basket.remove.unavailable.items.modal.header":"Vill du ta bort de ej tillgÃ¤ngliga varorna?","language.confirmation.action.en-CA":"Visa pÃ¥ English","order.details.refund-request-availability":"Du kan begÃ¤ra Ã¥terbetalningar pÃ¥ vÃ¥r webbplats. Alternativet bÃ¶r vara tillgÃ¤ngligt nÃ¥gra timmar efter att bestÃ¤llningen har levererats.","checkout.complete.basket.summary.payment.method.pay.pal":"PayPal","delivery.pass.region.select.subtitle":"Vilket omrÃ¥de vill du kÃ¶pa en leveransplan fÃ¶r?","checkout.progress.before.you.go":"Har du allt?","fop.shopping.lists.more.options.accessibility.label":"Hantera favoriter och listor","settings.address.book.edit.modal.complete":"Klar","slotbooking.oos.items.unavailable":"Vissa varor Ã¤r inte tillgÃ¤ngliga vid valt leveransdatum","checkout.summary.place.order.title":"Att betala","promotions.subpage.title":"{subPageName}{separator}{rootPageName}","settings.address.single.book.remove.modal.error":"Vi kan inte ta bort den hÃ¤r adressen eftersom en leverans Ã¤r planerad att levereras dit","user.contactDetails.firstName.error":"Du anvÃ¤nder ogiltiga tecken","logged.in.home.page.book.slot.card.slot.booked.alert.text.with.hint":"Den nya leveranstiden gÃ¥r ut {expiryTime}. Om du vill spara eventuella Ã¤ndringar i bestÃ¤llningen behÃ¶ver du gÃ¥ till kassan igen.","checkout.summary.recurring.order.frequency.placeholder":"VÃ¤lj en frekvens fÃ¶r Ã¥terkommande bestÃ¤llning","basket.details.view.button":"Detaljerat visningslÃ¤ge","recurring.orders.sign.up.show.previous.step.aria.label":"","orders.list.past.retention.P18M":"(senaste 18 mÃ¥naderna)","promotions.category.root.name":"Alla kampanjer","delivery.pass.subscription.modal.button":"KÃ¶p leveransplan","settings.delivery.pass.free.trial.enable.auto.renew.toast.message":"Automatisk fÃ¶rnyelse av leveransplanen har aktiverats","checkout.summary.pharmacy.modal.header":"","shopping.lists.no.results.title":"Du har inga sparade listor Ã¤n","fop.price.per.drinkable.litre":"{price}\u002Fl drickklar","toggleablepromotions.notification.promotions.available":"Det finns rabatter tillgÃ¤ngliga fÃ¶r bestÃ¤llningen.","summary.delivery.pass.link.text":"Spara pengar pÃ¥ din leverans!","recipe.details.serves":"{servings} portioner","subscription.delivery.pass.auto.renew.on.message":"Du anvÃ¤nder {pass}.","settings.delivery.pass.page.title":"","order.rebook.order.under.edit.saveChanges":"BekrÃ¤fta och betala","page.tagline":"ICA Handla Online","settings.address.book.add.modal.notes.placeholder":"Leveransinstruktioner, t ex portkod","settings.address.book.confirm.postal.code.modal.confirm":"BekrÃ¤fta","delivery.destination.temporary.home.header":"Hemleverans","filter.accessibility.manage.button":"Hantera filter","settings.address.book.remove.modal.confirm":"Ta bort","reviews.toast.notification.error":"Det gick inte att skicka recensionen. FÃ¶rsÃ¶k igen senare.","shopping.lists.modal.accessibility.notification.list.removed":"Produkten har tagits bort frÃ¥n listan","logged.in.home.page.order.card.order.scratched.accessibility.title.label":"Visa avbruten bestÃ¤llning","counter.increase.quantity.button.alternative":"Ãka antalet av {productName} i kundvagnen","toggleablepromotions.list.button.edit":"Redigera rabatter","settings.address.book.add.international.modal.search.label":"Gata, husnummer och stad","bop.regulars.remove":"Ta bort frÃ¥n Ã¥terkommande","recipe.shopForIngredients.ingredientHeader":"SÃ¶kresultat fÃ¶r {searchTerm}","settings.delivery.pass.free.trial.payment.method.selection.alert":"Planen fÃ¶rnyas automatiskt nÃ¤r den kostnadsfria provperioden gÃ¥r ut. Du kan avbryta den nÃ¤r du vill.","orders.list.status.future.editable":"Du kan {editText} denna bestÃ¤llning fram till {editUntil}","regular.noRegulars.mainSection.body":"BestÃ¤ller du ofta samma varor? Spara tid genom att skapa en Ã¥terkommande bestÃ¤llning, sÃ¥ lÃ¤ggs varan till i din kundvagn pÃ¥ mÃ¥ndagar sÃ¥ ofta du vill.","shopping.list.more.options.aria.label":"Alternativ fÃ¶r inkÃ¶pslista","delivery.collection.address.select.button.alternative":"HÃ¤mta pÃ¥ {addressNickName}","slotbooking.temporary.delivery.destination.title":"Adressen Ã¤r inte sparad","checkout.summary.basket.summary.voucher.removed":"Rabattkoden togs bort.","settings.delivery.pass.free.trial.auto.renew.on.message":"Den kostnadsfria provperioden av {pass} fÃ¶rnyas den {expiryDate}. Du kan avbryta nÃ¤r du vill.","offer.details.group.any.plural":"LÃ¤gg till {quantity} valfria varor frÃ¥n listan nedan","checkout.complete.recurring.order.payment.saveForAll.message":"Framtida bestÃ¤llningar kopplade till den hÃ¤r Ã¥terkommande bestÃ¤llningen kommer att debiteras med den hÃ¤r betalningsmetoden.","settings.delivery.pass.subscription.change.payment.method.modal.update.button":"Uppdatera","offer.details.status.achieved.exact":"Erbjudandet har lagts till","settings.delivery.pass.free.trial.cancel.auto.renew":"Prenumerationen fÃ¶rnyas inte, men den kostnadsfria provperioden gÃ¤ller fortfarande till {expiryDate}.","payment.failed.date.label":"Datum","checkout.summary.recurring.order.name.label":"Namn","shopping.list.name.too.long":"Listan har inte skapats. FÃ¶rsÃ¶k igen.","order.rebook.basket.has.items.ok":"Ja","payment.failed.payment.method":"Betalningsmetod","regular.addToRegularsForm.quantity":"Antal","address.form.field.postalCode":"Postnummer","promotions.no.results.open.navigation":"FortsÃ¤tt handla","checkout.summary.modal.invoice.body":"Endast fakturabetalning Ã¤r tillgÃ¤nglig fÃ¶r Ã¥terkommande varor","counter.quantity.description.alternative":"Du har {quantity} av den hÃ¤r varan i kundvagnen","checkout.summary.bonus.check.redeem.modal.button.text":"LÃ¶s in","settings.update.marketing.preferences.success":"Dina preferenser uppdaterades.","shopinshop.not.found.button":"FortsÃ¤tt handla","regular.frequency.update.success":"{productName} Ã¥terkommande {quantity} instÃ¤llt till {frequency}","checkout.summary.default.payment.method.expired.toast":"Din fÃ¶rvalda betalningsmetod har gÃ¥tt ut. VÃ¤lj en annan betalningsmetod eller lÃ¤gg till en ny.","promotion.details.status.achieved":"Erbjudandet har lagts till!","footer.contact":"Kontakta oss","checkout.summary.concierge.termsandconditions.link.text":"Regler och villkor","logged.in.home.page.slotCard.title.slotBooked":"Du har en bokad bestÃ¤llning","order.edit.expired.modal.view.order":"Visa bestÃ¤llning","adBanner.responsive.roundel.multibuyPromotion.percentReward":"KÃ¶p {requiredProducts}, spara {percent} %","delivery.pass.page.title":"","recurring.orders.sign.up.created.info":"Det totala priset kan skilja sig fÃ¶r framtida Ã¥terkommande bestÃ¤llningar. Detta pÃ¥ grund av Ã¤ndringar av produktpriser och leveransavgifter","recipe.description.hide":"DÃ¶lj beskrivning","bop.field.title.beerDegree":"Lovibond","address.form.field.buildingName":"Byggnadens namn","coupons.page.onboarding.title":"SÃ¥ fungerar kuponger","fop.added":"Tillagd i varukorg","addresses.confirm-address.heading.add":"LÃGG TILL","expanded.trolley.items.loading.state":"Varorna i kundvagnen fÃ¶r snabbvisning lÃ¤ses in","bop.field.title.countryOfRearing":"UppfÃ¶dningsland","basket.checkout.group.delivery.slot.express.collection.info":"","checkout.summary.additional.info.box.extended.description":"","basket.merge.reorder.fully.exceeded.quantity":"0 lades till. Det maximala antalet har uppnÃ¥tts","instant.shop.remove":"Ta bort Smart Shop-varor","vouchers.validation.failure.delivery.date.condition":"Denna rabattkod Ã¤r inte giltig fÃ¶r den leveranstid du valt. Om du Ã¤ndÃ¥ vill anvÃ¤nda den mÃ¥ste du kontrollera rabattkodens giltighetsdatum och vÃ¤lja en annan tid.","webPreviewer.adBanner.responsive.roundel.placeholder":"Fantastiska erbjudanden","orders.list.tax.inclusion.note":"*Alla priser Ã¤r inklusive moms","settings.wallet.add.item.modal.add.paypal":"LÃ¤nk till PayPal-konto","accountSettings.contactDetails.mobilePhonePlaceholder":"Telefonnummer","recipes.recipeList.ariaLabel":"Recept","checkout.summary.collection.title":"UtlÃ¤mningsinformation","reviews.bop.customerReview.rating":"{rating} av {totalRating}","checkout.walk.progress.title":"Kassaprocessen, steg {step} av {numberOfSteps}, {alternativePageName}","orders.list.past.retention.P3Y":"(senaste 3 Ã¥ren)","failure.modal.button":"FÃ¶rsÃ¶k igen","language.fr-FR":"franska","order.cow.payment.validation.error":"Din valda betalningsmetod kunde inte verifieras. FÃ¶rsÃ¶k igen eller anvÃ¤nd en annan betalningsmetod.","fop.not.added.missed.promotion.not.complete.text.alternative":"{offerMessage}, {basketQuantity} av {requiredQuantity} har lagts till","registration.registrationField.sms.title":"Skicka mig SMS-aviseringar om mina bestÃ¤llningar","vouchers.validation.failure.voucher.assigned.to.account.condition":"Den har rabattkoden Ã¤r utfÃ¤rdad till en annan kund. Kontrollera vilket konto du Ã¤r inloggad pÃ¥.","order.online.receipt.accessibility.item.substituted.title":"Ersatt: {productName}, antal: {productQuantity}","checkout.summary.electronic.device.collection.title":"","checkout.summary.next.line2":"","address.form.field.city":"Stad","search.breadcrumb.subtitle":"Din sÃ¶kning pÃ¥ â{searchTerm}â gav inga resultat. Visar resultat fÃ¶r â{correctedSearchTerm}â.","order.again.repeat.order.title":"Upprepa bestÃ¤llning ({itemsCount} varor)","shopping.lists.modal.reg.add":"LÃ¤gg till produkt i Ã¥terkommande varor","delivery.pass.see.details.link.label":"Se information.","slotbooking.unavailable.delivery.details":"Det hÃ¤r leveranssÃ¤ttet Ã¤r inte tillgÃ¤ngligt fÃ¶r den aktuella bestÃ¤llningen.","toggleablepromotions.modal.exclusive.promotions.none.option.text":"Ingen av ovanstÃ¥ende","delivery.destination.selectedMethod.header":"Din leveransmetod","language.confirmation.action.es-ES":"Ver en espaÃ±ol","top.tabs.dropdown.button.label":"Ãvre flikmeny","shopping.list.page.create.new.list.button":"Skapa ny lista","recipe.details.ingredients.totalIngredients":"{numberOfIngredients} totalt","guaranteed.product.life.description.year.other":"{quantity} Ã¥rs hÃ¥llbarhet garanteras","checkout.summary.modal.paymentBuffer.description":"Kostnaden fÃ¶r din order bestÃ¤ms fÃ¶rst efter leverans. Detta beror bland annat pÃ¥ viktvariationer och prisavvikelser fÃ¶r eventuella ersÃ¤ttningsvaror. FÃ¶r att tÃ¤cka detta behÃ¶ver vi tillfÃ¤lligt reservera 5-15% extra jÃ¤mfÃ¶rt med det uppskattade beloppet i varukorgen. Den slutliga betalningen efter leverans baseras alltid pÃ¥ exakt vad varorna i din leverans kostat.","fop.out.of.stock.button":"Slut i lager","delivery.price.modification.levels.half.only.reached":"Du har kvalificerat dig fÃ¶r leverans till halva priset","basket.merge.out.of.stock":"Slut i lager","summary.items":"varor","recurring.orders.navigation.button":"Ãterkommande bestÃ¤llningar","logged.in.home.page.order.card.under.edit.title":"Du Ã¤ndrar i en bestÃ¤llning","refunds.summary.confirm-request.button":"BekrÃ¤fta fÃ¶rfrÃ¥gan","recipe.collectionDetails.recipes.not.found.text":"Det finns inga recept i den hÃ¤r samlingen fÃ¶r tillfÃ¤llet. Utforska vÃ¥ra andra recept.","delivery.collection.map.header.accessibility":"Karta med utlÃ¤mningsstÃ¤llen","delivery.collection.address.select.button.accessibility":"VÃ¤lj plats {addressNickname}, {address}","delivery.pass.pending":"VÃ¤ntar","settings.address.book.add.international.modal.search.placeholder":"Ange gata, husnummer och stad","orders.list.recurring.order.list.declinedPayment":"Betalningen nekades fÃ¶r fÃ¶regÃ¥ende bestÃ¤llning(ar). Uppdatera dina betalningsuppgifter nedan.","order.online.receipt.accessibility.list.returns":"Lista Ã¶ver Ã¥terlÃ¤mnade varor","basket.remove.unavailable.items.button.text":"Ta bort ej tillgÃ¤ngliga varor","reviews.addModal.input.nickname":"Smeknamn","settings.address.book.add.modal.title":"LÃ¤gg till en adress","refunds.item-selection-modal.continue":"FortsÃ¤tt","accessibility.delivery.destination.temporary.home.button":"VÃ¤lj leverans till {postalCode}","slotbooking.free.trial.try.delivery.pass.alert.link":"Mer om leveransplaner","logged.in.home.page.order.card.order.description.format":"{interval}, {address}, {price}","fop.group.title.products":"Produkter","common.login.customerDisabled":"Du har inte lÃ¤ngre Ã¥tkomst till detta konto","summary.delivery":"Plock-\u002Fleveransavgift","checkout.summary.discounts.bonus.check.redeemed":"Bonuscheck ({value})","order.online.receipt.payment.method.card":"","slotbooking.address.change.affect.trolley.line2":"Ãndringar av pris och tillgÃ¤nglighet kan tillÃ¤mpas pÃ¥ hela kundvagnen.","checkout.summary.concierge.termsandconditions.link.url":"","reviews.addModal.input.title":"Recensionstitel","slotbooking.confirm.alert":"Leveranstid bokad kl. {dateAndTime} fÃ¶r leverans till {addressName}","guaranteed.product.life.description.year.one":"1 Ã¥rs hÃ¥llbarhet garanteras","slotbooking.address.change.affect.trolley.confirm":"BekrÃ¤fta och visa kundvagn","checkout.complete.payment.method.onlinePayment.title":"","additional.taxes.info":"","promotion.details.group.title.with.name.all.items.added.singular":"{groupName}: 1 vara tillagd","basket.header.empty.modal.cancel":"Avbryt","shopping.lists.summary.add.all":"LÃ¤gg till alla","recipe.details.saveRecipe.saved":"","reviews.addModal.rating.info":"Om du vill dela mer feedback om produkten lÃ¤gger du till en recension eller lÃ¤mnar endast ett produktomdÃ¶me","filter.accessibility.mobile.apply.button":"TillÃ¤mpa alla valda filter. StÃ¤ng hantering av filter","settings.address.multiple.book.remove.modal.error":"Vi kan inte ta bort den hÃ¤r adressen eftersom flera leveranser Ã¤r planerade att levereras dit","address.form.field.streetAddressLine2":"c\u002Fo-adress","bop.catch.weight.unit.kg":"kg","settings.loyalty.amount.description":"Ditt saldo Ã¤r {amount}","settings.marketing.preferences.item.marketingEmailAboutSelectedPartners.details":"","basket.carrier.bags.disclaimer":"","coupons.page.header.plural":"Du har {numberOfCoupons} kuponger","bop.field.title.size":"Storlek","settings.address.book.add.modal.nickname.label":"Adressnamn","order.edit":"Ãndra bestÃ¤llning","regular.title":"Ãterkommande","summary.subtotal.note":"","bop.field.title.regionalInformation":"Regional information","settings.address.full.required.error.a11y":"Adress krÃ¤vs","fop.time.restriction":"Kan enbart levereras {from} till {to}","shopping.lists.modal.accessibility.notification.reg.removed":"Produkten har tagits bort frÃ¥n Ã¥terkommande varor","checkout.summary.discounts.loyalty":"Bonus","delivery.pass.plan.free.trial.name":"Kostnadsfri provperiod fÃ¶r {name} â {days} kvar","slotbooking.oos.checkout.button":"GÃ¥ till kassan","catalogue.no.results.title":"Vi hittade inga produkter","vouchers.validation.failure.first.time.shopper.condition":"Antalet bestÃ¤llningar som rabattkoden gÃ¤ller fÃ¶r har Ã¶verskridits. Den kan inte anvÃ¤ndas mer.","header.topbar.login.dropdown":"Logga in","checkout.summary.next.line1":"BekrÃ¤fta och betala","settings.delivery.pass.subscription.auto.renew.cancel.modal.button":"GodkÃ¤nn","recipe.ingredients.not.found.browse.link":"BlÃ¤ddra","recipe.details.method.totalSteps":"{numberOfSteps} steg","order.online.receipt.payment.accessibility.paypal":"PayPal-konto med e-postadress {emailAddress}","bop.favorites.add":"LÃ¤gg till i favoriter","sorting.option.price.per.descending":"Jmf-pris: Fallande","reviews.addModal.submit.button":"LÃ¤gg till recension","adBanner.responsive.roundel.reductionPromotion.percentReward.saveUpTo":"Spara upp till {percent} %","search.breadcrumb.preface":"SÃ¶kresultat fÃ¶r","fop.order.quantity.label":"Antal: {quantity}","checkout.summary.default.payment.method.expired.alert":"Din fÃ¶rvalda betalningsmetod har gÃ¥tt ut. VÃ¤lj en annan betalningsmetod eller lÃ¤gg till en ny.","order.buy.again.modal.text":"Dessa varor kommer att lÃ¤ggas till bland allt annat du Ã¤r pÃ¥ vÃ¤g att handla. Om du inte vill det kan du tÃ¶mma din varukorg nu.","refunds.item-selection-modal.quantity":"Antal","settings.address.book.add.modal.search.error":"Ett problem uppstod. FÃ¶rsÃ¶k igen.","guaranteed.product.life.badge.day":"{quantity} d+","orders.list.past.title":"Senaste bestÃ¤llningar","bop.instalment.drawer.option.commissionFee":"Kommissionsavgift: {price}","basket.merge.conflict.fetch.error":"Ett problem uppstod nÃ¤r vi fÃ¶rsÃ¶kte visa de begrÃ¤nsade varorna i din varukorg","checkout.summary.modal.paymentBuffer.checkbox.label":"Visa inte det hÃ¤r igen","slotbooking.modal.confirm.reserved.minimum.order":"Minimum: {amount}","bop.field.title.countryOfBirth":"Ursprungsland","logged.in.home.page.loyalty.card.customer.not.registered.subtitle":"LÃ¤s mer om hur du gÃ¥r med i vÃ¥rt bonusprogram","offer.details.bundle.status.accessibility.products.required":"Antal som krÃ¤vs fÃ¶r erbjudandet: {quantity}","checkout.summary.recurring.order.confirmed.frequency.every.1.week.message":"BestÃ¤llningen levereras varje {weekDayName} mellan {slotTimeRange} frÃ¥n {startingSlotDate}.","delivery.pass.subscription.success.modal.button.slot":"Boka en leveranstid","catalogue.no.results.open.navigation":"BlÃ¤ddra","recurring.orders.sign.up.slotbooking.no.available.slots.error":"Det finns inga leveranstider tillgÃ¤ngliga den hÃ¤r dagen. VÃ¤lj en annan dag.","reviews.bop.customerReview.noReviews":"Det finns inga recensioner fÃ¶r produkten just nu. Var den fÃ¶rsta att lÃ¤gga till en","recommended-products.heading":"Dina rekommenderade produkter","bop.carousel.navigation.previous":"Knapp fÃ¶r fÃ¶regÃ¥ende bild","regular.onboarding.noRegulars.modal.header":"SÃ¥ fungerar Ã¥terkommande varor","settings.address.book.add.modal.search.placeholder":"Ange ett postnummer, en gata eller adress","toggleablepromotions.modal.select.slot.until.date":"VÃ¤lj slot till {date}","slotbooking.address.change.affect.trolley.cancel":"Avbryt","checkout.summary.termsandconditions.link.url":"https:\u002F\u002Fwww.ica.se\u002Fhandlaonline-kopvillkor\u002F","bop.instalment.drawer.close.button":"StÃ¤ng {drawerTitle}","basket.header.threshold.modal.ok":"StÃ¤ng","slotbooking.delivery.home.timezone.alert":"Leveranstider visas i leveransadressens tidszon","delivery.collection.toggle.button.view.list":"Visa i lista","reviews.bop.ratingSummary.noRating":"Inga omdÃ¶men Ã¤n!","regular.onboarding.noRegulars.modal.explanationCards.1.header":"1. VÃ¤lj en produkt","checkout.summary.pharmacy.modal.confirmation-required.message":"","loyalty.modal.order.offered.price.caption":"BestÃ¤llningsantal","slotbooking.table.footer":"","payment.failed.not.updatable":"Den betalningen kan inte lÃ¤ngre Ã¤ndras â den kan ha gÃ¥tt igenom","checkout.summary.termsandconditions.error":"Acceptera kÃ¶pvillkoren fÃ¶r att gÃ¥ till kassan","slotbooking.table.cell.aria.date":"Datum","order.online.receipt.payment.method.paypal":"","settings.address.book.remove.address":"Ta bort","slotbooking.table.next.days":"NÃ¤sta dag","checkout.summary.button.description.loyalty":"AnvÃ¤nd dina bonuspoÃ¤ng","order.online.receipt.accessibility.item.price":"Pris: {price}","bop.field.title.winemaker":"Vintillverkare","delivery.pass.subscription.expiry":"Din leveransplan lÃ¶per ut {date}. Kontakta oss nÃ¤r som helst om du vill avbryta din leveransplan.","delivery.pass.free_trial.success_modal.offer":"1 mÃ¥nad kostnadsfritt","slotbooking.express.collection.slot.list.item.reserve":"","fop.max.quantity.toast.generic":"Det gÃ¥r inte att lÃ¤gga till fler av den hÃ¤r varutypen i bestÃ¤llningen","toggleablepromotions.modal.subtitle.delivery":"Rabatter fÃ¶r leveransavgifter","fop.last.bought.date":"KÃ¶pt {date}","settings.delivery.pass.subscription.failure.modal.title":"NÃ¥got gick fel","fop.time.restriction.toast":"Den tidsbegrÃ¤nsade produkten kan inte lÃ¤ggas till. Produkten mÃ¥ste bestÃ¤llas mellan {from}â{to}.","bop.page.related.products.carousel.title":"Relaterade produkter","checkout.summary.basket.summary.delivery.free.label":"Gratis","fop.order.accepted.label":"GodkÃ¤nd: {quantity}","checkout.summary.concierge.delivery.error.modal.header":"Leverans till dÃ¶rrvakt â felmeddelande","too.many.requests.error.message":"FÃ¶r mÃ¥nga begÃ¤randen.","order.online.receipt.payment.method.payment.check":"","settings.address.book.edit.address.a11y":" {addressNickName}-adress frÃ¥n min lista","bop.max.quantity.toast.generic":"Det gÃ¥r inte att lÃ¤gga till fler av den hÃ¤r varutypen i bestÃ¤llningen","scroller.accessibility.play":"Spela","regular.maxQuantity.error":"Ett problem uppstod. FÃ¶rsÃ¶k igen.","recipe.details.saveRecipe.toast.unsaved":"","slotbooking.oos.current.slot.chip":"Aktuell leveranstid","filter.accessibility.apply.button":"TillÃ¤mpa alla valda filter. DÃ¶lj listruta","basket.multiple.deliveries.modal.info":"BestÃ¤llningen kommer att delas upp i flera leveranser. Du behÃ¶ver gÃ¥ igenom kassan fÃ¶r varje leverans.","addresses.confirm-address.edit":"REDIGERA ADRESS","bottom.sheet.filter.title":"Filter","regular.addToRegularsForm.option.bimonthly":"Varannan mÃ¥nad","delivery.collection.alert.location.permission.blocked":"FÃ¶r att hitta din plats behÃ¶ver du aktivera platsbehÃ¶righet.","adBanner.responsive.roundel.reductionPromotion.percentReward.50":"Spara {percent} %","bop.regulars.add":"LÃ¤gg till i Ã¥terkommande","settings.addresses.findAddress.title":"SÃ¶k efter din adress","delivery.pass.subscription.termsAndConditions.link.label":"regler och villkor","settings.marketing.preferences.marketing.section.group.0.title":"","exception.checkout.notAllowed":"Ett problem uppstod i samband med kassaprocessen. FÃ¶rsÃ¶k igen.","common.pageMetadata.description.default":"Handla veckans mat online frÃ¥n din lokala ICA-butik!","order.online.receipt.list.substitution.heading.substituted":"Saknades","offer.details.bundle.button.addAll":"LÃ¤gg till alla","delivery.pass.payment.pass.info.title":"Du har valt leveransplanen:","promotions.title":"Erbjudanden","site.privacy.notification.text":"Den hÃ¤r webbplatsen anvÃ¤nder cookies fÃ¶r att ge en bÃ¤ttre shoppingupplevelse. Genom att anvÃ¤nda webbplatsen godkÃ¤nner du","delivery.collection.geocode.results.error.message":"Ange en stad eller plats, t.ex. Stockholm, GÃ¶teborg eller MalmÃ¶.","settings.delivery.pass.free.trial.cancel.auto.renew.alert":"Det Ã¥terstÃ¥r {days} dagar av din kostnadsfria provperiod av {name}","refunds.summary.order-reference":"BestÃ¤llningsreferens:","order.save.changes.before":"fÃ¶re {editUntil}","search.filter.button":"Filter","order.online.receipt.price.per.item":"{price} per vara","slotbooking.modal.confirm.title":"Din leveranstid har reserverats!","bop.carousel.navigation.next":"Knapp fÃ¶r nÃ¤sta bild","loading.spinner.label":"","settings.delivery.pass.free.trial.subtitle.text.second.part":"Du kan avbryta nÃ¤r som helst och fÃ¥r en pÃ¥minnelse om att avbryta innan provperioden lÃ¶per ut.","fop.not.in.current.catalog":"Den hÃ¤r produkten Ã¤r inte lÃ¤ngre tillgÃ¤nglig","basket.merge.success.notification":"Vi har lagt till dina varor bland de varor du valde under ett tidigare besÃ¶k.","logged.out.home.page.card.register.subtitle":"Ãr du inte redan stammis? Bli stammis idag fÃ¶r att bÃ¶rja handla!","promotions.tab":"","accountSettings.contactDetails.mobilePhoneError":"Ange ett giltigt telefonnummer","braintree.tokenize.empty.fields.message":"Dina uppgifter saknas. Fyll i formulÃ¤ret","recurring.orders.sign.up.progress.indicator":"","navigation.menu":"Knapp fÃ¶r huvudmeny","checkout.summary.payment.options.order.total.info":"","delivery.collection.address.select.button":"VÃ¤lj den hÃ¤r platsen","loyalty.modal.validation.status.non-numerical-input":"AnvÃ¤nd endast numeriska tecken","feedback.modal.confirm":"GodkÃ¤nn","regular.onboarding.noRegulars.modal.explanationCards.3.body":"Produkten kommer att lÃ¤ggas till automatiskt i kundvagnen, men inte tas till kassan fÃ¶rrÃ¤n du Ã¤r redo att gÃ¶ra bestÃ¤llningen. Du kan nÃ¤r som helst vÃ¤lja att ta bort Ã¥terkommande produkter.","recurring.orders.sign.up.frequency.fortnightly":"Varannan vecka","additional.details.page.message":"Vi behÃ¶ver bara nÃ¥gra uppgifter till, sedan kan du vÃ¤lja en leveranstid","checkout.summary.concierge.delivery.error.modal.text":"Vi kunde inte hantera din fÃ¶rfrÃ¥gan om leverans till dÃ¶rrvakt. Avbryt och fÃ¶rsÃ¶k igen senare eller lÃ¤gg din bestÃ¤llning nu utan att Ã¤ndra alternativ fÃ¶r leverans till dÃ¶rrvakt.","logged.in.home.page.instant.shop.card.subtitle":"Fyll varukorgen automatiskt med dina favoritvaror","language.fr-CA":"franska","slotbooking.modal.confirm.subtitle":"Leveranstid reserverad i: {mins} minuter","logged.in.home.page.order.card.error.title":"NÃ¥got gick fel","order.details.summary.title":"Att betala","checkout.summary.payment.options.payNow.viewAllPaymentMethods.link":"","orders.list.cancel.order.modal.heading":"Ãr du sÃ¤ker pÃ¥ att du vill avbryta den hÃ¤r bestÃ¤llningen?","slotbooking.oos.title":"Boka leveranstid","orders.list.page.title":"","accessibility.link.open.in.new.window":"Ã¶ppnas i ett nytt fÃ¶nster","settings.sidebar.wallet":"Betalningsalternativ","product.availability.limited":"Enbart {addedAmount} av {requestedAmount} tillgÃ¤ngliga","settings.address.book.add.modal.postcode.placeholder.aria.label":"Ange ditt postnummer","shopping.lists.form.delete.message":"Vill du ta bort {listName}?","failure.modal.title":"NÃ¥got gick fel","alternative.products.heading":"Liknande produkter fÃ¶r {product}","address.form.field.cityWard":"Stad\u002FPostort","orders.list.cancel.changes.modal.heading":"Ãngra alla Ã¤ndringar i bestÃ¤llningen?","settings.address.book.add.modal.find.error":"Vi kan fÃ¶r tillfÃ¤llet inte kontrollera dina uppgifter. FÃ¶rsÃ¶k igen senare.","header.order.status.edit.link.short":"Ãndra","refunds.item-selection-modal.reason-placeholder":"VÃ¤lj","logged.in.home.page.order.card.undelivered.editable.alert.text":"Du kan gÃ¶ra Ã¤ndringar i denna bestÃ¤llning fram till","instant.shop.modal.description":"Smart Shop fyller kundvagnen Ã¥t dig med de varor du oftast brukar kÃ¶pa","basket.checkout.group.delivery.slot.first.available":"FÃ¶rsta tillgÃ¤ngliga leveranstid:","checkout.summary.payment.options.payNow.accessibility.applePay":"","settings.delivery.pass.subscription.auto.renew.cancel.modal.expiry":"Din leveransplan kommer fortfarande vara giltig fram till {expireTime}.","checkout.summary.modal.invoice.title":"Den Ã¥terkommande bestÃ¤llningen konfigureras","order.details.refund-request-card.cutoff-expired":"Tidsramen fÃ¶r att begÃ¤ra en Ã¥terbetalning har gÃ¥tt ut. Kontakta oss direkt om nÃ¥got Ã¤r fel med bestÃ¤llningen.","checkout.summary.discounts.bonus.check":"Bonuscheck","delivery.price.modification.levels.half.and.free.half.almost.reached":"Spendera {halfPriceDeliveryRemainingAmount} till och fÃ¥ leverans till halva priset","order.details.refund-request-creation-failed.modal.close":"StÃ¤ng","checkout.summary.payment.options.cardsAndPaypal.accessibility.payPal":"PayPal","recurring.orders.definition.default.name":"{dayOfWeek} â Ã¥terkommande bestÃ¤llning","settings.wallet.add.item.modal.add.card":"LÃ¤gg till kort","fop.shopping.lists.more.options":"Fler alternativ","order.details.refund.request-items.details-modal.reason":"Anledning","shopping.lists.form.delete.cancel.button":"Avbryt","fop.no.alternatives.text":"Inga alternativ","settings.address.book.edit.address.alternative":"Ãndra adress {addressNickName}","summary.environmental-handling-charge":"Ytterligare produktavgift","settings.marketing.preferences.item.marketingPushNotificationAboutORG.details":"","page.seo.heading":"{tagline}{separator}{name}","settings.delivery.pass.auto.switch.on.message":"Din aktuella plan {passName} kommer automatiskt att Ã¤ndras till en ny den {transitioningDate}.","common.feedback.technicalIssue":"Tekniskt problem","header.order.status.minimum.order":"Min: {amount}","order.again.repeat.order.button.accessibility.text":"Upprepa bestÃ¤llning â {itemsCount} varor â kÃ¶p alla produkter igen","checkout.summary.recurring.order.title":"Abonnemang","recipe.description.expand":"UtÃ¶ka beskrivning","bottom.sheet.sort.title":"Sortera","edit.order.modal.info.save.slot":"Om du Ã¤ndrar val av leveranssÃ¤tt eller leveranstid behÃ¶ver du slutfÃ¶ra kÃ¶pet i kassan igen fÃ¶r att Ã¤ndringarna ska sparas.","checkout.complete.edit.order.until":"Du kan Ã¤ndra den hÃ¤r bestÃ¤llningen fram till","order.details.recurring.order.frequency.every.2.weeks":"Varannan vecka","fop.order.returned.label":"ÃterlÃ¤mnade varor: {quantity}","order.online.receipt.accessibility.item.substitute.title":"ErsÃ¤ttningsvara: {productName}, antal: {productQuantity}","settings.address.book.confirm.postal.code.modal.label":"BekrÃ¤fta ditt postnummer","coupons.page.no.coupons.found.description":"Kom tillbaka snart och se om du har fÃ¥tt nya. Se vÃ¥ra kampanjer och spara Ã¤nnu mer.","summary.payment.split.card":"Betala med kort","shopping.lists.search.focus.button":"SÃ¶k","delivery.collection.map.cluster.accessibility":"Kluster med {numberOfCollectionPoints} utlÃ¤mningsstÃ¤llen","orders.list.card.status.future.under.edit":"Du Ã¤ndrar den hÃ¤r bestÃ¤llningen","order.online.receipt.accessibility.item.price.discounted":"Rabatterat pris: {price}","basket.multiple.deliveries.modal.confirm":"BekrÃ¤fta","recurring.orders.sign.up.summary.name.field.placeholder":"t.ex. Min veckohandling (valfritt)","summary.component.accessibility.discount.remove.button.label":"","site.privacy.notification.link.url":"https:\u002F\u002Fwww.comms.abun.do\u002Fprivacy","favorites.no.results.open.navigation":"FortsÃ¤tt handla","fop.order.substitute.label":"ErsÃ¤ttningsvara: {quantity}","summary.voucher":"Rabattkod","language.ca-ES":"Katalanska","bop.add.button":"LÃ¤gg till","slotbooking.modal.oos.items.unavailable":"Vissa varor Ã¤r inte tillgÃ¤ngliga vid valt leveransdatum","loyalty.units.remove.notification.refresh":"PoÃ¤ngen togs bort frÃ¥n betalningen. Ditt saldo uppdateras nÃ¤r du slutfÃ¶r kassaproceduren.","header.topbar.account.dropdown":"Konto","settings.wallet.page.textbox.indication":"Den hÃ¤r registreringen underlÃ¤ttar dina kommande bestÃ¤llningar och Ã¤ven betalningen av dina prenumerationer.","orders.list.save.changes":"BekrÃ¤fta och betala","language.ja-JP":"æ¥æ¬èª","slotbooking.address.change.affect.trolley.line1":"Du har Ã¤ndrat leveransadress.","checkout.summary.payment.options.payNow.accessibility.bankTransfer":"","bop.field.title.brandMarketing":"MarknadsfÃ¶rande varumÃ¤rke","order.details.heading.message.edit.expired":"Det Ã¤r fÃ¶r sent att Ã¤ndra den hÃ¤r bestÃ¤llningen â den fÃ¶rbereds fÃ¶r leverans.","shopping.lists.summary.title":"Sammanfattning av lista","voucher.modal.voucher.placeholder":"Ange din rabattkod","orders.list.recurring.order.frequency.every.1.months":"Varje mÃ¥nad","delivery.pass.subscription.terms.and.conditions.message.disclaimer":"*Baserat pÃ¥ vÃ¥r genomsnittliga leveransavgift fÃ¶r en handling per vecka.","summary.subtotal":"Delsumma","user.contactDetails.surname.title":"Efternamn","guaranteed.product.life.description.day.one":"1 dags hÃ¥llbarhet garanteras","bop.page.similar.products.carousel.title":"Liknande produkter","filter.title":"Filtrera","order.details.refund-request-card.title":"Ãterbetalningar","address.addressForm.countyInput":"LÃ¤n","settings.addresses.page.title":"","summary.total":"Totalt","search.no.results.text":"Din sÃ¶kning pÃ¥ â{searchTerm}â gav inga resultat.","reviews.toast.notification.success":"Recensionen har skickats. Det kan ta upp till 24 timmar innan den visas.","order.online.receipt.slot.delivery.title":"Leverans","slotbooking.oos.continue.button":"FortsÃ¤tt","checkout.summary.basket.overview.header.toggleOn.label":"Visa din varukorg","fop.alternatives.text":"Se liknande ({numberOfAlternatives})","refunds.place-refund-request.notification.success.calendar-days":"Din Ã¥terbetalningsfÃ¶rfrÃ¥gan skickades. Vi kommer att meddela vÃ¥rt beslut inom {days} kalenderdagar.","settings.address.book.add.modal.find.button":"Hitta adress","summary.invoice":"Fakturaavgift","filter.accessibility.bottom.sheet.close.button":"StÃ¤ng","checkout.summary.payment.options.financingOptions.calculator.paymentPerMonth":"{paymentAmount} per mÃ¥nad","fop.max.quantity.toast.with.items":"Det gÃ¥r att bestÃ¤lla hÃ¶gst {quantity} av den hÃ¤r varutypen per bestÃ¤llning","bop.field.title.countryOfLastProcessing":"Land fÃ¶r senaste behandling","fop.price.per.75cl":"{price} per 75Â cl","instant.shop.modal.progress.accessibility.message":"NÃ¤r detta Ã¤r klart tas du till kundvagnssidan","regular.updateRegular.error":"Ett problem uppstod. FÃ¶rsÃ¶k igen.","order.buy.again.modal.empty":"TÃ¶m varukorg","refunds.item-selection-modal.select-quantity.placeholder":"VÃ¤lj antal","settings.wallet.create.item.rate.limited":"Vi har upptÃ¤ckt att flera betalningsmetoder har lagts till under en kort tid. Av sÃ¤kerhetsskÃ¤l gÃ¥r det tillfÃ¤lligt inte att lÃ¤gga till nya betalningsmetoder pÃ¥ kontot. VÃ¤nta {numberOfMinutes} minuter innan du fÃ¶rsÃ¶ker igen.","offer.details.combination.status.achieved.repeat":"VÃ¤lj varor fÃ¶r att fÃ¥ erbjudandet","braintree.field.expiration.date.empty.message":"Detta fÃ¤lt fÃ¥r inte vara tomt","bop.field.title.certifications":"Certifieringar","shopping.list.details.last.updated":"Uppdaterades senast: {lastUpdated}","payment.failed.page.link.text":"Uppdatera dina betalningsuppgifter hÃ¤r.","order.online.receipt.accessibility.item.substitute.accepted.title":"GodkÃ¤nt: {productName}, antal: {productQuantity}","regular.addToRegulars.body.promise.on.adding.item":"Produkten lÃ¤ggs till i kundvagnen nÃ¤sta mÃ¥ndag. Ãterkommande produkter debiteras det pris som anges nÃ¤r de lÃ¤ggs till i kundvagnen.","braintree.form.card.security.number.label":"SÃ¤kerhetskod","order.details.refund.request-items.details-modal.status.pending":"VÃ¤ntar pÃ¥ godkÃ¤nnande","promotion.details.group.title.all.items.added.plural":"{numberOfItems} varor tillagda","shopping.lists.action.modal.create.title":"Skapa lista","logged.in.home.page.order.card.order.scratched.title":"Vi har avbokat din bestÃ¤llning","order.cow.payment.error":"Ett fel intrÃ¤ffade i kassan. FÃ¶rsÃ¶k igen.","checkout.summary.no.payment.method.toast":"Ingen betalningsmetod. Du mÃ¥ste lÃ¤gga till en betalningsmetod innan du kan fortsÃ¤tta.","order.online.receipt.alert.delivered":"Priserna nedan Ã¤r de du betalade nÃ¤r bestÃ¤llningen levererades. Byt till fliken 'BestÃ¤ll igen' om du vill se aktuella priser och kampanjer.","slotbooking.grocery.slot.booked.info":"Leveranstiden fÃ¶r livsmedel har reserverats. StÃ¶rre varor levereras separat.","checkout.summary.basket.overview.header.main":"Din varukorg","request.error.cancel.button":"Avbryt","checkout.summary.discounts.title":"Rabatter","navigation.recipes.link":"Recept","language.en-GB":"Engelska","order.slot.bookSlot.reminder.book.link":"Boka nu","toggleablepromotions.modal.subtitle.description.loyalty":"TillÃ¤mpas pÃ¥ bonuspoÃ¤ng frÃ¥n bestÃ¤llningen","coupon.card.expiry.date":"AnvÃ¤nd senast {couponExpiryDate}","orders.list.recurring.order.cancel.modal.text":"Ãr du sÃ¤ker pÃ¥ att du vill avbryta den hÃ¤r Ã¥terkommande bestÃ¤llningen?","settings.language.heading":"SprÃ¥k","regular.addToRegularsForm.option.fortnightly":"Varannan vecka","bop.field.title.grapeVariety":"Druvsort","bop.field.title.ingredients":"Ingredienser","delivery.collection.select.different.collection.point":"VÃ¤lj ett annat utlÃ¤mningsstÃ¤lle","settings.delivery.pass.auto.renew.no.wallet.item.message":"Din {pass} lÃ¶per ut {expiryDate} och Ã¤r inte kopplad till nÃ¥gon betalningsmetod. Klicka pÃ¥ knappen nedan fÃ¶r att lÃ¤gga till en.","instant.shop.remove.modal.heading":"Ãr du sÃ¤ker pÃ¥ att du vill ta bort Smart Shop-varorna?","settings.wallet.item.add.empty.wallet":"LÃ¤gg till ny betalningsmetod","recurring.orders.sign.up.slotbooking.delivery.date":"Din fÃ¶rsta bestÃ¤llning kommer att levereras den {deliveryDate}","recommended-products.page.title":"Rekommenderade produkter","summary.loyalty.units.name":"BonuspoÃ¤ng","braintree.form.card.expiry.date.label":"UtgÃ¥ngsdatum","alternative.products.modal.footer.button":"Klar","reviews.addModal.header":"LÃ¤gg till en recension","settings.delivery.pass.subscription.card":"","payment.failed.delivery.details":"Leveransuppgifter","checkout.summary.payment.options.payAtDelivery.accessibility.radio.label":"","order.buy.again.under.edit.modal.title":"Du Ã¤ndrar din bestÃ¤llning","delivery.collection.filter.button.label":"Filter","fop.price.per.each":"{price}\u002Fst","shopping.lists.modal.accessibility.notification.fav.removed":"Produkten har tagits bort frÃ¥n favoriterna","delivery.home.address.select.header":"VÃ¤lj en adress","braintree.tokenize.general.error.message":"Ett fel har intrÃ¤ffat. FÃ¶rsÃ¶k igen","logged.in.home.page.book.slot.card.subtitle.na":"Vi kan tyvÃ¤rr inte visa nÃ¥gra bestÃ¤llningsuppgifter just nu. FÃ¶rsÃ¶k igen senare","offer.details.bundle.status.accessibility.products.added":"Tillagda produkter: {quantity}","select.accessibility.button.open":"StÃ¤ng en lista med valbara alternativ","fop.decrease.quantity.button.alternative":"Minska antalet","slotbooking.table.part.of.day.part1":"Morgon","recurring.orders.sign.up.step.title.frequency":"VÃ¤lj en frekvens","settings.delivery.pass.subscription.auto.renew.modal.close.button":"Tillbaka","fop.max.quantity":"Max. antal i varukorg","checkout.summary.additional.info.box.short.description":"FÃ¶r att kunna leverera dina varor Ã¤r det viktigt att du angett rÃ¤tt telefonnummer och eventuell portkod. Ãndra genom att klicka pÃ¥ \"Konto\" och dÃ¤refter \"kontoinstÃ¤llningar\".","recurring.orders.sign.up.created.ro.header":"Ãterkommande bestÃ¤llning","recipe.savedRecipes.title":"","favorites.no.results.subtext":"Alla varor du kÃ¶per lÃ¤ggs till automatiskt hÃ¤r. Du kan Ã¤ven lÃ¤gga till eller ta bort genom att vÃ¤lja ikonen fÃ¶r fler alternativ som visas fÃ¶r varje produkt.","logged.in.home.page.favourites.and.lists.card.title":"Dina favoriter och listor","voucher.modal.voucher.input.label":"Rabattkod","recurring.orders.sign.up.step.title.daytime":"VÃ¤lj en dag och tid","settings.page.title":"","basket.grid.view.button":"RutnÃ¤tsvy","checkout.summary.delivery.date.label":"Datum","addresses.add.max.toast.message":"Du har redan det maximalt tillÃ¥tna antalet adresser. Ta bort en och fÃ¶rsÃ¶k igen.","orders.list.recurring.order.declinedPayment":"Betalningen nekades","language.confirmation.action.fr-FR":"Afficher en franÃ§ais","checkout.summary.place.order.summary.savings.label":"Rabatter pÃ¥ varor","bop.list.controls.list":"LÃ¤gg till\u002Fta bort frÃ¥n lista","footer.copyright":"","order.online.receipt.accessibility.item.promotion.title":"Kampanj: {promotionName}","order.cow.payment.failure.invoice.insufficient.funds":"BegÃ¤ran nekades. Du har inte tillrÃ¤ckligt med kredit hos butiken. Kontakta butiken om du vill lÃ¶sa detta.","coupons.page.onboarding.subsection.2.description":"Varje kupong kan endast anvÃ¤ndas en gÃ¥ng per bestÃ¤llning.","recurring.orders.sign.up.slotbooking.order.info":"Vi bokar tidigast mÃ¶jliga leveranstid fÃ¶r din fÃ¶rsta bestÃ¤llning utifrÃ¥n vald dag och tid","logged.in.home.page.configurable.card.error.subtitle":"Vi kan inte visa nÃ¥gra detaljer just nu","cookie.policy.cookie.description":"FÃ¶r att ge dig en bra upplevelse nÃ¤r du anvÃ¤nder vÃ¥ra tjÃ¤nster anvÃ¤nder vi cookies och liknande tekniker. PÃ¥ den hÃ¤r sidan hittar du mer information om vad de Ã¤r och hur vi anvÃ¤nder dem.","fop.price.per.dozen":"{price} per dussin","delivery.home.alert.nondeliverable.address":"Vi levererar inte till den hÃ¤r adressen Ã¤n","fop.price.per.litre.without.deposit":"{price}\u002Fl exkl pant","slotbooking.choose.collection.time":"VÃ¤lj en tid","language.pl-PL":"Polski","checkout.summary.basket.overview.header.items":"({productsQuantity} varor)","slotbooking.table.week.days.sun":"SÃ¶n","orders.list.recurring.order.cancel.modal.confirm.button":"Avbryt Ã¥terkommande bestÃ¤llning","fop.order.rejected.label":"Avvisad: {quantity}","filter.label.brands":"VarumÃ¤rken","checkout.summary.modal.invoice.cancel.accessibility":"Avbryt och Ã¥terstÃ¤ll Ã¥terkommande varor","loyalty.modal.validation.status.amount-not-provided":"PoÃ¤ng att anvÃ¤nda Ã¤r ett obligatoriskt fÃ¤lt och mÃ¥ste fyllas i","coupons.page.onboarding.subsection.2.title":"2. LÃ¤gg till en produkt","bop.add.button.alternative":"LÃ¤gg till {productName} i kundvagn","summary.loyalty.earnings":"Insamlade bonuspoÃ¤ng","reviews.bop.container.header":"Kundrecensioner","feedback.captcha.required":"Detta fÃ¤lt Ã¤r obligatoriskt","settings.delivery.pass.subscription.failure.modal.body":"Vi kan fÃ¶r tillfÃ¤llet inte utfÃ¶ra Ã¥tgÃ¤rden. FÃ¶rsÃ¶k igen.","braintree.field.cvv.empty.message":"Detta fÃ¤lt fÃ¥r inte vara tomt","delivery.collection.distance.format.kilometers":"{distance} km","regular.basketRemoveAllModal.okay":"Ta bort varor","shopping.lists.subpage.title":"{subPageName}{separator}{rootPageName}","voucher.modal.voucher.add.error":"Ett problem uppstod nÃ¤r rabattkoden lades till.","settings.language.save":"Uppdatera","addresses.confirm-address.heading":"BekrÃ¤fta din adress","summary.delivery.pass.link.text.href":"Testa leveransplan.","sorting.option.name.descending":"Produktnamn: ÃâA","instant.shop.empty.trolley.header":"Smart Shop","order.online.receipt.slot.delivery.instructions.title":"Leveransinstruktioner","delivery.pass.subscription.pending.modal.description":"Det hÃ¤r kan ta nÃ¥gra minuter. StÃ¤ng inte eller ladda om sidan innan du fÃ¥tt en bekrÃ¤ftelse.","shopping.lists.details.empty.title":"Listan Ã¤r tom","delivery.collection.geocode.results.error.title":"Platsen hittades inte","logged.in.home.page.title":"","settings.account.details.update.success":"Dina uppgifter uppdaterades.","basket.view.accessibility.button.open":"Visa kundvagnen med hjÃ¤lp av dessa alternativ","settings.marketing.preferences.item.marketingSmsAboutSelectedPartners.main":"","sorting.option.life":"HÃ¥llbarhet: LÃ¥ng till kort","delivery.pass.benefit.group.select.region.title":"OmrÃ¥de {counter}","checkout.complete.recurring.order.confirmation.message":"Den Ã¥terkommande bestÃ¤llningen {recurringOrderName} har skapats.","delivery.destination.homepage.change.card.title":"Ãndra leveranssÃ¤tt","checkout.summary.place.order.summary.buybacks.bags.label":"TillbakalÃ¤mnade kassar","coupons.page.onboarding.subsection.1.description":"BlÃ¤ddra bland dina kuponger fÃ¶r att se vad du kan spara pÃ¥.","settings.address.book.remove.modal.title":"Ta bort den hÃ¤r adressen?","filter.accessibility.clear.selected.button":"Rensa alla valda filter","slotbooking.message.timezone":"","delivery.pass.subscription.error.modal.title":"NÃ¥got gick fel.","settings.login.details.change.credentials.modal.title":"Ãndra inloggningsuppgifter","fop.price.per.kg.without.liquid":"{price}\u002Fkg u. spad","slotbooking.oos.products.title.change.slot":"Varor som inte finns tillgÃ¤ngliga fÃ¶r den nya leveranstiden","settings.address.book.edit.modal.notes.label":"Anteckningar om adressen","navigation.back":"Tillbaka","settings.user.details.required.field":"Obligatoriskt","delivery.pass.settings.link.label":"Hantera leveransplan.","fop.increase.quantity.button.alternative":"Ãka antalet","braintree.field.card.number.invalid.message":"Kortnumret Ã¤r ogiltigt","loyalty.modal.validation.status.balance-exceeded":"Du har inte tillrÃ¤ckligt med poÃ¤ng","order.details.subheading.orderId":"BestÃ¤llningsreferens","order.slot.bookSlot.reminder":"Boka en leveranstid fÃ¶r att se om varor finns i lager.","shopping.lists.tab.lists":"Dina listor","refunds.fop.selected.button":"Valda: {selectedQuantity}","basket.unavailable.data.error":"Det gick inte att hÃ¤mta nÃ¥gon kundvagnsinformation. VÃ¤nta eller fÃ¶rsÃ¶k igen senare.","fop.price.per.gram":"{price} per gram","slotbooking.temporary.delivery.destination.choose.existing.address":"VÃ¤lj sparad adress","settings.delivery.pass.new.pass.label":"Ny plan","checkout.complete.basket.summary.payment.method.invoice":"Faktura","order.details.tax.exclusive.price":"(exkl. moms)","delivery.price.modification.levels.half.and.free.half.reached":"Du fÃ¥r nu leverans till halva priset. Fri leverans pÃ¥ bestÃ¤llningar frÃ¥n {freeDeliveryThreshold}.","fop.group.title.favorite":"Dina favoriter","braintree.field.expiration.date.invalid.message":"Ogiltigt datum","sorting.option.name.ascending":"Produktnamn: AâÃ","regular.onboarding.noRegulars.modal.close.button":"StÃ¤ng","cookie.policy.page.title":"Cookiepolicy","checkout.summary.button.description.voucher":"AnvÃ¤nd rabattkod","tablet.filter.title":"Sortera och filtrera","checkout.summary.express.collection.title":"","regular.removeRegular.success.accessibility.label":"{productName} har tagits bort frÃ¥n dina Ã¥terkommande produkter","checkout.summary.bonus.check.redeem.error.toast":"BestÃ¤llningen understiger det minimivÃ¤rde som krÃ¤vs fÃ¶r att lÃ¶sa in bonuschecken","logged.in.home.page.order.card.undelivered.editable.accessibility.title.label":"Visa bestÃ¤llning","delivery.price.modification.levels.half.and.free.free.reached":"Du har kvalificerat dig fÃ¶r fri leverans","delivery.price.modification.levels.free.only.not.reached":"Fri leverans pÃ¥ bestÃ¤llningar frÃ¥n {freeDeliveryThreshold}","regular.addToRegulars.accessibility.button":"LÃ¤gg till {productName} i Ã¥terkommande","logged.in.home.page.book.slot.card.title.slot.booked":"Du har en bokad leverans","order.online.receipt.alert.after.cut.off":"En fullstÃ¤ndig sammanfattning och kvitto fÃ¶r bestÃ¤llningen Ã¤r inte tillgÃ¤ngligt Ã¤n. Kolla igen om nÃ¥gra timmar.","bop.list.controls.no.list":"LÃ¤gg till i lista","bop.instalment.button.accessibility":"tillgÃ¤ngligt med {providerName}","order.details.recurring.order.frequency.every.1.weeks":"Varje vecka","delivery.destination.selectedMethod.collection.changeButtonText":"Ãndra utlÃ¤mningsstÃ¤lle","regular.noRegulars.explanationCards.1.body":"Du kan vÃ¤lja att gÃ¶ra vilken produkt som helst Ã¥terkommande. Vi har gjort ett urval Ã¥t dig hÃ¤r nedan.","order.details.tax.inclusive.price":"(inkl. moms)","slotbooking.aria.view.first.slot":"Visa fÃ¶rsta tillgÃ¤ngliga leveranstid","fop.max.quantity.label":"HÃ¶gsta antal","bop.time.restriction":"Kan enbart levereras {from} till {to}","regular.removeAllModal.okay":"Ta bort alla Ã¥terkommande","checkout.summary.bonus.check.requirement.not.met.modal.check.requirement.description":"Handla fÃ¶r {cost} till","language.confirmation.action.en-GB":"Visa pÃ¥ English","checkout.complete.title":"Tack! Din bestÃ¤llning Ã¤r genomfÃ¶rd, en orderbekrÃ¤ftelse skickas inom kort till din mailadress.","checkout.summary.payment.options.payNow.accessibility.smartney":"","refunds.item-selection-modal.optional-comment.label":"Valfri kommentar","reviews.addModal.rating.error":"Du behÃ¶ver vÃ¤lja ett omdÃ¶me fÃ¶r att lÃ¤gga till en recension","payment.failed.declined.text":"Betalning misslyckades fÃ¶r din tidigare bestÃ¤llning.","toggleablepromotions.modal.exclusive.promotions.description":"VÃ¤lj en av fÃ¶ljande","delivery.pass.subscription.success.modal.summary.title":"Summering","slotbooking.table.part.of.day.part2":"Eftermiddag","adBanner.responsive.roundel.greatOffers":"Fantastiska erbjudanden","fop.price.per.100ml":"{price} per 100Â ml","settings.marketing.preferences.item.marketingSmsAboutSelectedPartners.details":"","bop.field.title.fishingArea":"FiskeomrÃ¥de","settings.delivery.pass.current.pass.label":"Aktuell plan","fop.country.of.origin.description":"Ursprungsland {country}","delivery.pass.subscription.success.modal.title":"Klart!","refunds.item-selection-modal.optional-comment.header":"Valfri kommentar","recipe.details.footer":"","refunds.place-refund-request.notification.success.hours":"Din Ã¥terbetalningsfÃ¶rfrÃ¥gan skickades. Vi kommer att meddela vÃ¥rt beslut inom {hours} timmar.","order.details.external.message":"BestÃ¤llningen kommer frÃ¥n ett annat system, sÃ¥ en del information kan saknas.","slotbooking.table.week.days.mon":"MÃ¥n","orders.list.card.status.future.edit.expired":"Vi fÃ¶rbereder din bestÃ¤llning","recipe.details.ingredientsList.ariaLabel":"Ingredienser","footer.feedback":"Feedback","checkout.summary.payment.options.cardsAndPaypal.title":"Kort och PayPal","recipe.details.saveRecipe.unsaved":"","logged.out.home.page.card.register.title":"Bli stammis","order.online.receipt.accessibility.list.substitutions":"Lista Ã¶ver ersÃ¤ttningsvaror","checkout.summary.payment.options.payNow.accessibility.paymentCard":"","shopping.lists.no.results.subtext":"Skapa inkÃ¶pslistor fÃ¶r varor du ofta handlar eller fÃ¶r speciella tillfÃ¤llen. T ex Basvaror, Jul eller Fest.","delivery.collection.filter.apply.button.label":"VerkstÃ¤ll","subcategory.meta.descriptionTagline":"Utforska och handla fÃ¶r att fÃ¥ fantastiska erbjudanden, rabatter med mera.","order.online.receipt.accessibility.download.receipt":"Ladda ned PDF-kvitto","logged.in.home.page.welcome.text":"VÃ¤lkommen {moniker}","search.filter.button.apply":"AnvÃ¤nd","settings.address.book.remove.modal.error":"NÃ¥got gick fel. FÃ¶rsÃ¶k igen","slotbooking.modal.confirm.improved.title":"En leveranstid har reserverats","settings.marketing.preferences.item.marketingPushNotificationAboutSelectedPartners.details":"","not.found.page.go.back.button.text":"Tillbaka till startsidan","orders.list.no.results.title":"Inga bestÃ¤llningar Ã¤n","delivery.collection.geocode.connection.error.message":"Vi kunde inte genomfÃ¶ra din sÃ¶kning. FÃ¶rsÃ¶k igen.","basket.merge.prices.promos.changed.notification":"Priser och kampanjer skiljer sig fÃ¶r den hÃ¤r platsen. Det har pÃ¥verkat vissa av varorna i din varukorg.","order.online.receipt.list.substitution.heading.substitute.rejected":"Avvisade ersÃ¤ttningsvaror","summary.bag.charge.alt.info":"KÃ¤nns beloppet fÃ¶r hÃ¶gt? Reservationen fÃ¶r kassar justeras nÃ¤r din order har plockats. Du betalar endast fÃ¶r de kassar som anvÃ¤nds.","common.address":"Adress","recurring.orders.sign.up.close.dialog.aria.label":"","payment.modal.tax.breakdown.total":"Totalt","checkout.summary.bonus.check.redeem.modal.check.no.redeem.option":"VÃ¤lj ingen","orders.list.recurring.order.frequency.every.1.weeks":"Varje vecka","filter.button.clear.selected":"Rensa valda","feedback.modal.success.close":"StÃ¤ng","bop.field.title.scientificName":"Vetenskapligt namn","offer.details.group.free.singular":"FÃ¥ {quantity} vara frÃ¥n listan nedan helt gratis","navigation.greeting":"Hej","addresses.error-address.description.label":"Prova att ange dina adressuppgifter igen.","settings.address.book.add.modal.postcode.label":"Postnummer","additional.details.modal.body.leader":"Vi behÃ¶ver ditt telefonnummer sÃ¥ att vi kan kontakta dig vid eventuella problem.","fop.price.per.kg":"{price}\u002Fkg","checkout.summary.termsandconditions.link.text":"kÃ¶pvillkoren.","reviews.addModal.input.title.placeholder":"Recensionstitel","settings.marketing.preferences.item.marketingEmailAboutSelectedPartners.main":"","settings.delivery.pass.free.trial.subtitle.text.first.part":"VÃ¤lj en plan och fÃ¥ obegrÃ¤nsat antal leveranser kostnadsfritt under provperioden.","reviews.addModal.title.error":"En titel krÃ¤vs fÃ¶r att lÃ¤gga till en recension med mer Ã¤n ett omdÃ¶me","order.online.receipt.accessibility.item.substitute.rejected.title":"Avvisat: {productName}, antal: {productQuantity}","loyalty.modal.balance.caption":"BonuspoÃ¤ng","product.availability.time.restriction":"Kan enbart levereras {from} till {to}","orders.list.card.status.delivered":"Levererad","settings.marketing.preferences.item.marketingSmsAboutORG.details":"","header.order.status.save.changes":"SlutfÃ¶r ditt kÃ¶p senast {editUntil}","checkout.summary.payment.options.cardsAndPaypal.accessibility.mastercard":"Mastercard","delivery.price.modification.levels.free.only.reached":"Du har kvalificerat dig fÃ¶r fri leverans","settings.marketing.preferences.marketing.section.footer":"","filter.accessibility.attributes.list":"Filteralternativ","logged.in.home.page.order.card.error.subtitle":"Vi kan tyvÃ¤rr inte visa nÃ¥gra bestÃ¤llningsuppgifter just nu. FÃ¶rsÃ¶k igen senare","logged.in.home.page.instant.shop.card.title":"Smart Shop","delivery.collection.search.header.accessibility":"SÃ¶k efter nÃ¤rmaste utlÃ¤mningsstÃ¤llen","orders.list.status.unknown":"Vi kan inte se vilken status den hÃ¤r bestÃ¤llningen har. FÃ¶rsÃ¶k igen senare.","braintree.form.card.number.label":"Kortnummer","basket.multiple.deliveries.modal.heading":"Flera leveranser","slotbooking.unavailable.delivery.title":"Leverans Ã¤r inte tillgÃ¤ngligt","fop.favorite.icon.description":"Finns bland dina favoriter","slotbooking.express.collection.slot.list.item.title":"","logged.in.home.page.favourites.and.lists.card.subtitle":"Handla snabbt och enkelt frÃ¥n dina favoritvaror och listor","bop.field.title.recognitions":"ErkÃ¤nnanden","checkout.summary.bonus.check.redeem.success.toast":"Bonuschecken har tillÃ¤mpats","header.topbar.basket.button.loading.aria.label":"Kundvagnen lÃ¤ses in.","orders.list.status.collected":"UtlÃ¤mnad","recipe.details.author.prefix":"Av {authorName}","shopping.lists.modal.list.remove":"Ta bort produkten frÃ¥n den hÃ¤r listan","recurring.orders.sign.up.add.new.address":"","order.continue.checkout":"FortsÃ¤tt till kassan","checkout.summary.payment.paymentBuffer.notice.button":"LÃ¤s mer","slotbooking.modal.confirm.button":"FortsÃ¤tt","checkout.summary.collection.change.button":"Ãndra utlÃ¤mning","homepage.title.tagline":"Livsmedel online, stormarknadsrabatter med mera","checkout.summary.basket.summary.voucher.button":"Rabattkod","reviews.bop.ratingBreakdown.accessibility":"{count} personer har gett {rating} av {totalRating}.","checkout.complete.basket.reminder.view.basket":"Visa kundvagn","feedback.modal.textarea.label":"Ditt meddelande","checkout.summary.delivery.slot.label":"Leveranstid","regular.noRegulars.explanationCards.3.header":"3. SÃ¥ dÃ¤r!","shopping.list.char.validation.message":"AnvÃ¤nd endast bokstÃ¤ver och siffror nÃ¤r listans namn skapas","delivery.pass.plan.terminated.message":"Din {pass} lÃ¶per ut {expiryDate}. Den hÃ¤r planen Ã¤r inte lÃ¤ngre tillgÃ¤nglig, vÃ¤lj en annan plan efter att den gÃ¥tt ut.","fop.price.per.10ml":"{price} per 10Â ml","recurring.order.cancel":"Avboka bestÃ¤llning","expanded.trolley.alternative":"Kundvagn fÃ¶r snabbvisning","slotbooking.address.change.affect.trolley.title":"Kundvagnen kan pÃ¥verkas om adressen Ã¤ndras","reviews.bop.nextPage.accessibility":"Se nÃ¤sta sida.","bop.promotions.header":"Kampanjer","orders.list.card.status.delivery.on.our.way":"Vi Ã¤r pÃ¥ vÃ¤g","settings.address.book.confirm.postal.code.modal.title":"BekrÃ¤fta postnummer","checkout.complete.basket.summary.payment.method.unsaved":"Ej sparad","slotbooking.page.title":"","order.online.receipt.list.element.status.substitute.accepted":"GodkÃ¤nda: {quantity}","shopinshop.not.found.title":"Ingen sida hittades","order.online.receipt.accessibility.list.refunds":"Ãterbetalningslista","bop.instalment.button":"Visa finansieringsalternativ","reviews.toast.notification.translation.error":"Recensionen kan inte Ã¶versÃ¤ttas. FÃ¶rsÃ¶k igen senare","loyalty.scheme.name":"Bonus","reviews.bop.addReview.button":"LÃ¤gg till en recension","regular.basketRemoveAllModal.success":"Alla dina Ã¥terkommande produkter har tagits bort","recipes.recipeCollectionList.ariaLabel":"Receptsamlingar","checkout.summary.payment.options.payAtDelivery.title":"","header.topbar.login":"Logga in","error.in.page.title":"","adBanner.responsive.roundel.multibuyPromotion.offerReward":"KÃ¶p {requiredProducts} fÃ¶r {price}","payment.modal.recurring.orders.checkbox":"AnvÃ¤nd den hÃ¤r betalningsmetoden fÃ¶r framtida Ã¥terkommande varor.","validation.form.restricted.chars":"AnvÃ¤nd enbart bokstÃ¤ver, siffror och dessa tecken: .,!?()'_=+#~:;@%^&amp;*-","toggleablepromotions.modal.inclusive.promotions.description":"VÃ¤lj nÃ¥gon av fÃ¶ljande","settings.delivery.pass.subscription.auto.renew.disable":"Avbryt automatisk fÃ¶rnyelse","language.confirmation.action.ja-JP":"æ¥æ¬èªã§è¡¨ç¤º","checkout.summary.bonus.check.redeem.modal.check.description":"{cost} â gÃ¤ller till {date}","payment.failed.modal.update.text":"Du kommer inte kunna lÃ¤gga nÃ¥gra nya bestÃ¤llningar innan du uppdaterat dina betalningsuppgifter.","fop.country.of.origin.a11y.prefix":"Ursprungsland","order.online.receipt.accessibility.list.missing":"Lista Ã¶ver saknade varor","orders.list.page.heading.items":"Varor","recipe.savedRecipesPage.noRecipes":"","orders.list.status.scratched":"Vi avbrÃ¶t den hÃ¤r bestÃ¤llningen","bop.max.quantity":"Max. antal i varukorg","delivery.pass.subscription.error.modal.error.description":"NÃ¥got gick fel. FÃ¶rsÃ¶k igen.","instant.shop.page.description":"Smart shop fyller kundvagnen Ã¥t dig med de varor du ofta handlar","logged.in.home.page.book.slot.card.title":"Se lediga leveranstider","voucher.modal.submit.button.text.description":"AnvÃ¤nd rabattkod","slotbooking.modal.oos.slot.button":"Ãndra leveranstid","slotbooking.free.trial.try.delivery.pass.alert":"Prova en leveransplan: FÃ¥ obegrÃ¤nsat antal leveranser med en enda betalning!","settings.user.details.change.credentials":"Ãndra inloggningsuppgifter","settings.wallet.item.button.remove":"Ta bort","checkout.complete.delivery.pass":"Du anvÃ¤nder en leveransplan.","braintree.tokenize.fail.tokenization.message":"Vi kunde inte validera den hÃ¤r betalningsmetoden. Kontrollera dina uppgifter och fÃ¶rsÃ¶k igen","checkout.summary.age.restriction.info":"Du handlar Ã¥ldersbegrÃ¤nsade produkter.","payment.failed.thanks":"Tack! Betalningsmetoden har uppdaterats.","payment.failed.modal.back.button.text":"Tillbaka till butiken","shopping.lists.breadcrumb.preface":"Alla listor","order.buy.again.modal.title":"Du har varor i din varukorg","recipe.collectionDetails.recipes.not.found.title":"Inga recept hittades","fop.group.title.on_offer":"Erbjudande","settings.delivery.pass.auto.switch.on.link.label":"Du kan avbryta den nya planen nÃ¤r som helst.","delivery.collection.type.locker.text":"SkÃ¥p","logged.in.home.page.loyalty.card.subtitle":"LÃ¤s mer om hur du lÃ¶ser in dina bonuspoÃ¤ng","settings.address.book.add.modal.details.label":"Ytterligare adressuppgifter","basket.summary.products.description":"FortsÃ¤tt handla","instant.shop.empty.trolley.body":"Spara tid genom att automatiskt fylla kundvagnen med varor du kÃ¶per ofta","checkout.summary.place.order.delivery.label":"Leveransavgift","recurring.orders.sign.up.create.recurring.order":"Skapa Ã¥terkommande bestÃ¤llning","edit.order.modal.info.charged":"Om du lÃ¤gger till varor i din order kommer vi att gÃ¶ra en ny reservation pÃ¥ ditt betalkort. Du debiteras dock bara en gÃ¥ng, efter genomfÃ¶rd leverans.","orders.placeholder.recurring.order.cancel.modal.info":"Andra {orderName}-bestÃ¤llningar pÃ¥verkas inte","toggleablepromotions.modal.button.cancel":"Avbryt","settings.address.book.edit.modal.notes.placeholder":"Leveransinstruktioner","user.contactDetails.secondSurname.error":"Du anvÃ¤nder ogiltiga tecken","bop.field.title.nutritionalData":"NÃ¤ringsvÃ¤rde per 100 g","orders.list.status.future.editable.no.date":"Du kan {editText} denna bestÃ¤llning","settings.marketing.preferences.retailer.managed.info":"Klicka pÃ¥ knappen nedan fÃ¶r att hantera marknadsfÃ¶ringsaviseringar","refunds.summary.total":"Totalt","vouchers.validation.failure.unknown.reason":"Det uppstod ett problem nÃ¤r vi fÃ¶rsÃ¶kte anvÃ¤nda den hÃ¤r rabattkoden med din bestÃ¤llning.","settings.marketing.preferences.page.title":"","basket.add.item.error":"NÃ¥got gick fel. FÃ¶rsÃ¶k igen.","payment.modal.tax.breakdown.total.inclusive.tax":"Totalt (inkl. moms)","settings.delivery.pass.new.address.label":"Du behÃ¶ver lÃ¤gga till en adress fÃ¶r att kÃ¶pa en leveransplan","orders.list.change.store.modal.message":"Du Ã¤r pÃ¥ vÃ¤g att granska en bestÃ¤llning frÃ¥n en annan butik.","settings.details.page.title":"","coupons.page.onboarding.close.button.accessibility":"StÃ¤ng","delivery.destination.changeConfirmation.message.withSlot":"Observera att priser och tillgÃ¤nglighet fÃ¶r produkter i kundvagnen kan ha Ã¤ndrats. Du behÃ¶ver Ã¤ven boka en ny leveranstid.","guaranteed.product.life.description.month.other":"{quantity} mÃ¥naders hÃ¥llbarhet garanteras","settings.address.book.add.modal.submit.error":"Ett problem uppstod. FÃ¶rsÃ¶k igen.","basket.add.availability.reminder.modal.text":"Logga in fÃ¶r att fÃ¥ stammispriser, se lagerstatus och leveranstider m.m.","regular.frequency.accessibility.label":"LÃ¤gg till {productName} i kundvagnen {frequency}","loyalty.units.name":"PoÃ¤ng","basket.below.threshold.with.remaining.value.error":"LÃ¤gg till {remaining} i kundvagnen fÃ¶r att nÃ¥ det minsta delbeloppet ({threshold}).","checkout.summary.bonus.check.no.checks.modal.body":"Du har inga bonuscheckar att lÃ¶sa in","bop.field.title.methodOfCapture":"FÃ¥ngstmetod","checkout.summary.payment.options.accessibility.invisible.subtitle":"VÃ¤lj relevant betalningsmetod","recurring.orders.sign.up.closing.confirmation.title":"","orders.list.status.delivered":"Levererad","order.buy.again.under.edit.modal.text":"Dessa varor kommer att lÃ¤ggas till bland allt du har i din varukorg. Ãr det okej?","order.details.refund-request-items.status.pending":"VÃ¤ntar pÃ¥ godkÃ¤nnande:","slotbooking.unavailable.cnc.button":"GÃ¥ tillbaka till leverans","checkout.walk.next":"FortsÃ¤tt till kassan","cookie.policy.title":"Cookies pÃ¥ ICA","settings.address.book.add.modal.save.title":"Spara adress","bop.field.title.otherInformation":"Ãvrig information","order.details.refund.request-items.details-modal.status.rejected":"Avvisad","recipe.count":"{numberOfRecipes} recept","checkout.summary.pharmacy.modal.notification.item-removed":"","settings.user.details.save":"Uppdatera uppgifter","summary.preparation":"FÃ¶rberedelsekostnad","feedback.modal.dropdown.required":"Detta fÃ¤lt Ã¤r obligatoriskt","promotion.details.bundle.button.addAll":"LÃ¤gg till alla","feedback.captcha.instructions":"SlutfÃ¶r uppgiften nedan.","cookie.policy.purpose":"De cookies och liknande tekniker som vi anvÃ¤nder agerar som ett typ av minne och lÃ¥ter oss komma ihÃ¥g till exempel instÃ¤llningar och preferenser. De bidrar till att vÃ¥ra tjÃ¤nster fungerar som de ska, hjÃ¤lper oss fÃ¶rstÃ¥ hur vÃ¥ra tjÃ¤nster anvÃ¤nds och hur vi kan fÃ¶rbÃ¤ttra dem. De gÃ¶r ocksÃ¥ att vi kan visa personaliserat innehÃ¥ll och annonser.\n\n\nOm ditt val -\n\nDu samtycker till lagring och framtida hantering av cookies. Den data vi samlar in kan behandlas med annan grund Ã¤n samtycke. LÃ¤s mer om det hÃ¤r i vÃ¥ra dataskyddstexter.\n\nBesÃ¶ker du ICA.se eller nÃ¥gon av vÃ¥ra andra digitala kanaler i inloggat lÃ¤ge kan du lÃ¤sa mer under dataskydd och Stammis pÃ¥ ICA eller dataskydd och Kund pÃ¥ ICA om du Ã¤r e-handelskund utan att vara Stammis.\n\nBesÃ¶ker du ICA.se eller nÃ¥gon av vÃ¥ra andra digitala kanaler oinloggad kan du lÃ¤sa mer under dataskydd och anvÃ¤ndare digitala kanaler.\n\nAnpassa val.\n\n\nEn instÃ¤llning fÃ¶r alla tjÃ¤nster - \n\nDe instÃ¤llningar av cookies som du vÃ¤ljer nÃ¤r du Ã¤r inloggad gÃ¤ller fÃ¶r vÃ¥r hemsida, app, sjÃ¤lvscanningshandtag och Mitt ICA-terminal. Oavsett i vilken av vÃ¥ra tjÃ¤nster du gÃ¶r instÃ¤llningarna, gÃ¤ller de fÃ¶r alla nÃ¤mnda tjÃ¤nster och enheter du loggar in pÃ¥.\n\n\nOm vÃ¥ra cookies - \n\nNÃ¶dvÃ¤ndiga cookies - \n\nBidrar till att vÃ¥ra tjÃ¤nster Ã¤r sÃ¤kra och fungerar som de ska, t ex genom sÃ¤ker inloggning. De gÃ¥r dÃ¤rfÃ¶r inte att stÃ¤nga av.\n\nBesÃ¶ker du nÃ¥gon av vÃ¥ra digitala kanaler anvÃ¤nder vi cookies i denna kategori fÃ¶r fÃ¶ljande behandlingar i vÃ¥ra dataskyddstexter:\n\nTillhandahÃ¥lla tjÃ¤nster i digitala kanaler.\nMÃ¶jliggÃ¶ra kÃ¶p i digitala kanaler.\nHantera och bemÃ¶ta rÃ¤ttsliga krav.\nHantera, skydda och utveckla system och tjÃ¤nster.\n\n\nFunktionella cookies - \n\nHjÃ¤lper oss att ge dig en bra upplevelse, t ex genom att komma ihÃ¥g vald butik. GÃ¶r ocksÃ¥ att vi kan fÃ¶rbÃ¤ttra vÃ¥ra tjÃ¤nster baserat pÃ¥ hur du anvÃ¤nder dem.\n\nBesÃ¶ker du nÃ¥gon av vÃ¥ra kanaler anvÃ¤nder vi cookies i denna kategori fÃ¶r fÃ¶ljande behandlingar i vÃ¥ra dataskyddstexter:\n\nGenomfÃ¶ra kundanalys.\nTillhandahÃ¥lla tjÃ¤nster i digitala kanaler.\nUtvÃ¤rdera och fÃ¶lja upp digitala kanaler.\n\n\nPersonaliseringscookies - \n\nGÃ¶r att vi kan anpassa din upplevelse med personligt anpassat innehÃ¥ll baserat pÃ¥ hur du anvÃ¤nder vÃ¥ra tjÃ¤nster. Data som samlas in kan anvÃ¤ndas fÃ¶r kundanalys pÃ¥ en Ã¶vergripande nivÃ¥.\n\nBesÃ¶ker du nÃ¥gon av vÃ¥ra kanaler anvÃ¤nder vi cookies i denna kategori fÃ¶r fÃ¶ljande behandlingar i vÃ¥ra dataskyddstexter:\n\nKommunikation och erbjudanden (om du Ã¤r inloggad).\nGenomfÃ¶ra kundanalys.\nTillhandahÃ¥lla tjÃ¤nster i digitala kanaler.\nUtvÃ¤rdera och fÃ¶lja upp digitala kanaler.\n\n\nMarknadsfÃ¶ringscookies - \n\nTillÃ¥ter oss och vÃ¥ra samarbetspartners att t ex anpassa annonser till dig baserat pÃ¥ hur du anvÃ¤nder vÃ¥ra tjÃ¤nster.","shopping.lists.modal.fav.remove":"Ta bort frÃ¥n favoriter","settings.addresses.alert.no.areas.found":"Vi levererar tyvÃ¤rr inte till denna adress Ã¤n.","orders.list.past.retention.P2Y":"(senaste 2 Ã¥ren)","delivery.price.modification.levels.free.only.almost.reached":"Spendera {freeDeliveryRemainingAmount} till och fÃ¥ gratis leverans","shopping.lists.modal.added":"Har lagts till","refunds.item-selection-modal.other-reason.label":"Annan anledning","settings.address.book.edit.modal.update.success":"Din adress uppdaterades","regular.onboarding.noRegulars.modal.explanationCards.3.header":"3. Allt klart!"},"languageRequiresConfirmation":true},"orders":{"all":{"isFetching":false,"fetchError":false,"didInvalidate":false,"lastUpdated":null,"retentionPeriod":"","orders":[]},"pending":{"isFetching":false,"fetchError":false,"didInvalidate":false,"lastUpdated":null,"orders":[]},"past":{"isFetching":false,"fetchError":false,"didInvalidate":false,"lastUpdated":null,"retentionPeriod":"","nextPageToken":"","orders":[]},"current":{"order":{"isFetching":false,"fetchError":false,"didInvalidate":false,"lastUpdated":null,"order":null},"refunds":{"summary":{"selectedItems":[],"refundValueBreakdown":{"taxComponents":[],"net":null,"gross":null,"displayAmount":null},"error":null,"fetchError":false,"isFetching":false},"createdRefundRequest":{"anyItemAvailableForRefund":false,"newRefundRequestCreationCutoff":"","regionId":"","requestedItems":[],"error":null,"fetchError":false,"isFetching":false},"newRefundRequest":{"regionId":"","availableItems":[],"refundReasonsPerCategory":[],"error":null,"fetchError":false,"isFetching":false},"placeRefundRequest":{"refundRequestId":null,"expectedRequestReviewTime":null,"error":null,"fetchError":false,"isFetching":false}}},"orderEntities":{"lastUpdated":null},"failedPayments":{"isFetching":false,"fetchError":false,"didInvalidate":false,"lastUpdated":null,"orders":[]},"recurring":{"definitions":{"isFetching":false,"fetchError":false,"didInvalidate":false,"lastUpdated":null,"data":[]},"placeholders":{"isFetching":false,"fetchError":false,"didInvalidate":false,"lastUpdated":null,"data":[]}}},"recurringOrdersSignUp":{"eligibility":{"isFetching":false,"fetchError":false,"didInvalidate":false,"lastUpdated":null,"data":{}},"frequency":{"isFetching":false,"fetchError":false,"didInvalidate":false,"lastUpdated":null,"data":{}},"slots":{"isFetching":false,"fetchError":false,"didInvalidate":false,"lastUpdated":null,"data":{}}},"payments":{"paymentChecks":{"isFetching":false,"fetchError":false,"didInvalidate":false,"lastUpdated":null,"availablePaymentChecks":[],"checksMissingRequiredTotal":[]},"pspConfig":{"psps":{"all":[],"SAVED":[],"NON_SAVED":[]}},"threeDsRecoveryUrls":{"isFetching":false,"fetchError":false,"didInvalidate":false,"lastUpdated":null,"data":{}},"instalments":{"isFetching":false,"fetchError":false,"didInvalidate":false,"lastUpdated":null},"paymentMethodGroups":{"activePaymentMethodGroups":{"isFetching":false,"fetchError":false,"lastUpdated":null,"data":[]}}},"visualConfig":{"fop":{"isFetching":false,"fetchError":false,"didInvalidate":false,"lastUpdated":null,"data":null}},"products":{"alternatives":{"isFetching":false,"fetchError":false,"didInvalidate":false,"lastUpdated":null,"data":{}},"catalogue":{"isFetching":false,"fetchError":false,"didInvalidate":false,"lastUpdated":1701346988678,"data":{"productGroups":[{"type":"on_offer","products":["b1ff9504-50d9-4f65-b93b-10185d69e602","c75de3ca-4feb-4d1a-b150-d9d791f9454d","b4f91429-54bf-4846-bc9e-7d955b19b310","542dc3f9-0f46-4719-914b-11dbf7edbf87","2beded28-a858-4a5e-a7ab-520356fa639d","ef1c2c59-3fcb-4beb-9478-598e394472e7","f4442de4-e143-4f43-bfda-45c4c7090842","2b34e865-d920-41b8-bb09-e1de5fefdb08","ac146ba5-0681-4f38-9476-2e641c7a7643","98041aab-90bf-4d9c-955d-4f6995c2121c","128a80c2-e57d-48f6-9482-a95c2e145df7","d05e1e70-ae8c-4fc8-bf25-d6c704402070","9f162a80-fda6-4994-8035-703a80cb33c8","5aa155d1-c578-4fd4-b4e5-cbd80c13372f","b7f55221-7579-4cc3-8e3e-bd967d5a0f34","532a14d4-84c3-4685-8dab-678d7daa147d","37af592f-f45d-4211-a871-b28c016a454e","49c3451e-2c0b-4da8-a0e0-8c3d72b48931","7be90680-a02f-4b99-a197-5aad58368203","0630f86f-bcac-4573-a43c-aaa13d479813","36366e7a-f4b1-4d3e-b4f7-b01fa2907df9","4e5385b1-a3ba-47cf-b77f-f3f959a5b1e6","2284e86d-e4d2-4b5e-bd92-92322554c835","f671f192-12d4-4c7f-ace1-2abd78d80d76","c01b83eb-b6b9-4ddb-92f5-b53732930f79","df2d2ed4-4e94-4ac1-8f25-616768b6d7dc","6a94bf27-dd0f-4e5e-a690-15ccb80c9684","761084bf-3c54-46d0-b9db-b0dea0788304","206690db-10be-49ca-bc3e-ffc0029859a5","bbe2c18e-1d56-46f4-afb1-46b1721e3aff"],"name":"fop.headertitle.onoffer","clusterBreadcrumbs":[],"additionalProductAttributes":[{},{},{},{},{},{},{},{},{},{},{},{},{},{},{},{},{},{},{},{},{},{},{},{},{},{},{},{},{},{}]},{"type":"group","products":["54d8d523-7201-4789-a0b4-85d869ba530e","c3f5553c-d4d5-46a1-a252-662a2af2bf1b","f8afaa0b-5006-4598-86de-84ebafda3429","63254719-6a30-4efd-83bd-8c6c4ec00b2b","6e4bbcd7-f5d8-4a94-a35c-4750387a0380","65854677-3121-4fda-ade7-4000545bbed0","abfe6cb1-9392-409b-8e8e-b2ac93ea82b7","7550aba4-b1d8-447c-8567-66cf2afcb070","26ed111f-645a-49fd-8398-4549cfc0b947","caa99a13-aa5c-42e0-b541-7ad0dd5f0a25","167adda7-120e-498a-b71f-3e6ecb686eb8","818b9192-bf68-46d7-b43c-f32662b83ce3","7181f04d-5b11-4cc9-a3f3-3fda037823dc","841eaa14-ff93-46e1-8866-3510f8b15184","c3e50abb-b612-4361-838c-024baf7a41a1","e6a6f52e-58fe-485c-a873-1ad9dc85be12","ad64d38b-cf34-4afc-a289-15291153f450","170f332e-bd34-4282-8435-1407ae03e83e","11895325-19d1-4e37-bfcd-e9ddeea70037","5d979743-bb75-4c09-a7bb-255f1a2b4a74","a248598c-eaae-474f-a694-4926bf5d1ebc","7125a292-3be7-44ca-be34-90b142c5633d","9727c47b-7bd6-48f3-9cdd-136ed679f33c","03eed534-9488-4910-a050-5db96c06b965","60b45b3f-e833-4760-81c3-f783f2844ecc","ba00ec77-4181-4de3-b3ff-d8999bcab9b1","67c7e5c3-72d0-49f0-b001-35248a0576dd","7c2d65fd-b813-4e4c-b1b6-f3b1c95d6a1c","7254f046-244c-42d6-9020-0a7c48159a9e","f6322ef0-f2ec-4052-97b4-8b780f198504","dbebd327-8806-4bce-bd97-244cc4d7e00e","28de1599-cb08-4ce6-993b-d3f1ad664b2e","93daba97-8013-4864-aca9-8851648b26d0","3ffe0b4d-d646-4d73-aa64-f1f1ffb5970b","b432c59d-c26a-4af6-9eb6-323b4b209987","1d4a926d-2f5b-4085-824f-02789d07216c","82f1cffb-6d5d-49e8-83d3-72474b307fa0","c424d7df-7b4f-45d8-9ebd-337828f33158","d34922fd-1969-4d7e-8961-0f0673b71931","b82d54cd-030f-45f7-858b-a6666070dd14","2b6690aa-85cc-4569-a72f-6a612f9eb00d","adbc4e02-c6ed-4944-bad7-b6b6dfe4c9d3","a79e666a-8b8e-44bf-bad7-059ebd7d40c8","71b14b7b-a161-492b-a3bf-e428204bf2b9","eb202817-08b7-43b8-8bfa-3366ab2bd8bb","bbd9ec58-dd91-476b-84ab-61cba7a46b4b","f46a022f-8e1a-452d-a828-6332f56f2c2c","b4d6b7d2-2044-4133-b07f-11505114a521","28bc6e0b-af1b-4b72-b893-6cbb78d4cf02","cd8ffcd7-2ca5-4fcd-b09e-ec93f121e12e","076698c5-159a-4d76-89bf-92465b1f49a1","83c06fc7-0b59-458c-99f0-4012730ab26b","a0a4f731-f46b-4180-a6c0-7be5b65ee422","f2b75766-d287-4a13-8a7f-1377bd091ce6","04b4340e-bc22-46a5-8aa1-751226d85bf3","fefce864-0e2a-4970-9b77-609843b71cab","c384aae5-c4d9-4fdf-8a00-c65525311b20","ee38f8b8-fb39-443a-8383-7cf00fc26331","30a017c0-d61e-4081-9135-28e5a10d5606","25ac7231-aef2-4fd4-b123-41f5734fbff9","ba648a91-998d-47bb-ae04-30d2f0be9e5c","58218edf-0aae-4cb8-8680-7cbc96b7a911","076dec13-78db-4797-aa8c-91a3d2c24a26","a4f19986-9c43-4288-98db-6dcd66b9ab24","b136ca37-d7f5-4d2d-85c9-3f63170e6f00","2ed42461-c71f-4f07-9ab5-6a6209ffffcf","c5a41ab1-e9eb-49f4-a3e9-565487164a95","59a01fd9-093c-4799-971a-f44fff18dde5","f3e570b4-a352-4211-bc8c-0ba5ea7d6090","5320b913-8fe6-47b6-a9b9-c61cebd57d53","d437cc7c-1f9c-49c2-9ddd-ed6ea03da43c","199c85a9-6ab0-471a-b5dd-772ac37f3b3f","12cac920-0f23-4d80-bd65-db88b1980322","6cb9a4b7-019f-4295-b70b-5d3b6d6652ab","80ee3513-1963-4502-94fc-6d6f613cae82","2db89491-5ebf-4008-8c5e-493e6fbca50e","dbe33552-3b86-413d-8376-42e8de2e9bef","12a49d12-bead-4f69-95c4-174c43b2266d","26800df1-1002-45a8-92bc-1152a8d25be7","2b95ecb2-5388-4255-a532-2ab984e0b8dd","781d8bbe-25e5-4ef4-a1a9-6dde612128dc","fac1f949-dc58-4a9c-9341-214d80a04459","82b32e03-8536-4f5d-9e63-1cc5538758b9","d9290b48-b17c-4d85-b1e1-2e5df557056d","6e38f563-6f33-4d57-8ce8-8fb3d876d12b","8593a836-48c1-4402-ad24-cc9e031d2855","a145ece2-9278-443c-b5c8-fbdae9bb57af","15ef0670-edfd-443c-b5f9-404b986ee085","cac7ebca-e2f8-4a33-8ecf-184388ca8cde","715043e6-8c17-4f94-a5a9-11b196239928","f918b81c-daea-4f0c-a9f8-994b3233885a","d01ce22a-b84e-4842-865f-72444f79dd3b","df3a4e1d-9e16-463f-ae0e-145b72842f6f","9255b92a-02c1-4b2f-9e8e-ecad745e3f4c","fb59cd71-d632-4ef0-9390-c6ac3f8ebe92","09634347-595f-4c66-9135-8a55143dc9c3","411e053a-6fcb-4cff-9682-9617dcad445b","281d6c03-7699-4f9b-ba05-e1b38c65ac49","c3654f3b-4e38-4caf-b9fb-f0ac424fe8fb","8e2d54a9-b82d-4f17-8e74-11ebf04f3141","8c87619e-cd24-4ecf-a354-1f29152bb390","21529f51-8597-43a3-b066-450cdf971738","7530de19-e7ec-4720-9544-ea77a36a9c9a","ea991ad4-0f4e-4f3b-81e8-f692340adc3d","1128355a-7c0b-44e5-ac37-144f17c87589","1412e85d-760a-4938-9a7d-f8ee01bcfc49","55bd076c-50ce-4b0a-a139-5248b9dbab33","f74b1946-b52a-4074-a55c-2a371be59c85","cf6fbe3c-c569-402f-81ee-7872f97258c5","5a1de40c-6edb-4af2-8928-15f5843c00cb","59821785-b0d5-48a1-8893-8ba029f86b31","e854c868-861e-4a93-a7bf-36880d5ed654","93f00d43-f376-4f76-a7b6-fc22d7f3906b","56e1daf4-bb7e-4dc8-8dbe-79ea7305d4b0","5a289818-9555-4785-93b9-37afae63653a","daa5cdef-a9ab-4096-a640-5d63dd3e8006","dc4ea860-4c24-4b15-b9d0-a19a2a1b1acb","869a5526-f281-42db-a8fc-5dd8b95eb6f3","e1dac417-2be5-43a8-82b9-f826542a9dba","03aecba6-effd-41a2-8d84-b34ede43815f","0ea03672-5832-4d53-844f-6e4f8358bfd4","60653d75-485d-420b-8fef-db73cf37224c","1d66f569-a771-4631-86e3-e844cee0297d","233077bc-3379-4825-9338-3c8bf5d7e448","d649bbc4-75c2-41d5-b10f-4c46a4a983da","ae27747c-2342-48af-97e6-fd8a58446077","94aac56f-ec73-446b-a192-f40dd949e118","d9d9fe44-8af9-40b0-a7c3-b3ea6057cd1d","d3747302-36d0-408a-9ede-9758a0f2d684","030bb89f-20a1-47db-a77f-5e3e3cc7e10b","b175c0ea-841b-46ed-b026-4a4316485944","4e9f9f9c-2d43-4e4f-a566-8ac916096b4c","b48e9d94-7ea8-49bf-b420-b7c0180c6b45","f7a18888-063b-4fb4-8aa6-98c481546b57","accfb7d5-7a71-4bd8-9519-3ca0e929b5ff","98ceae02-6c14-47ed-a7e8-ab31c39e190c","a4991ab0-7d16-4a8d-8ba0-7642296714a8","e532f3e4-95e3-4d9a-8dcd-369e07c5a6bf","befec1e2-5286-46c7-a3be-fbdf462ddf39","620ce981-0ac1-42ab-8172-f6cc40dea11c","897fcc2f-bcd6-4fd2-8bf1-573fae697edd","d2488574-e60c-4f3b-b80a-c5596bf946dc","6dd5c3eb-eb0d-48f5-9261-c5534418516a","490c661d-6097-4f7e-a575-532bfce3d3c8","d2f51f5d-a44f-4772-928b-92d87cd95446","01bbb7d4-e9b8-49af-aac7-58c7eca9699e","ccfbea69-dd9d-4df2-8ae6-7c988b7ae121","010b6ade-b599-44c4-aea5-1cb1229d46ab","67ed6594-b269-4152-8047-cf461c113bb1","e7798178-2d49-4d79-9cd8-d8e25b4be400","9d05c010-0a4d-4689-9f16-f24204c540cc","2a3b3d78-3fa2-4cfb-93e6-9ebb4c064c12","6ae1440a-de91-4d9a-b8dc-be99866ec710","4594ed77-4fcd-4e89-abee-9fde9a415701","dacda364-9dbd-4494-b5a2-7dba58c83878","01d164f4-780b-4ad6-83cc-f5cc69f31aca","ca2fc802-ac1b-4ee3-baad-5449eaaaedfe","1d1972fe-3dee-4cae-95a4-49fc8bb9c766","75d3b4ad-f901-4626-8021-4ec116fcca2c","fef391dc-1ee1-48b9-81c0-69cc1b9d1c94","2069d776-4498-4539-8f38-c7f5ad3ca40c","c9775758-10b1-4e81-b09a-40b9d972111c","45cf5824-baf9-45ce-ae49-b0f2a6c0a0a6","ec5add70-5591-4b3b-b067-5a0b4b851032","d1f5d54a-71b0-4601-890d-b0d1c1ccee09","459a87aa-3c2b-438e-b806-6d9083b6374f","54883f7b-a74d-4186-ac24-89207c12cbc9","8756b9ef-1385-45a1-bdcd-6a3e8e01fa2f","6a15887a-8739-46e7-ac12-7a5f79df8182","7c41f82d-9db4-4f1a-b1ae-74c374b1a69b","0989ed32-39ff-42bf-8c07-19fe59dc29f2","05742d27-3b8a-473e-b1ca-ebf3eedb958d","dbad03b5-bf36-4ebf-b88a-47a207f675b0","f907981f-78a8-4183-9547-6031a9e5bc7b","35b4034c-c1d8-4b0e-a183-b32dace02dbb","f673f40b-d27b-4e1b-a362-1a9c5694d0a2","8ce074e7-004f-4d0e-a0cb-cf240431cf22","ad29267e-6acf-46a3-8670-d9c1a5fb3845","65e91fdb-e3bd-476c-a911-018d4f8f32c0","277ded55-063c-44e3-b6a5-970972e6f43b","202d4df1-bfe8-45d8-a4f5-8d20df5c9032","0dfe3cb7-d436-4398-989a-81fbd7f3c8a8","17a1a5dc-98a5-4ec8-9a63-2bf80f647dba","d03ebac1-feff-4daa-be00-9b190be020f9","a0531969-06ed-4d7c-b781-ca434b938fa7","feba3876-57c7-43fe-9f86-66cffe70ef8a","0a40cf04-eadf-4acf-b662-93c15098b9c7","974edf29-9d3f-4474-b944-302bdf4f2060","9206cfd8-baa3-4d60-bfa6-b5c3b0a89c3c","3a2750be-ea1a-4b10-bf93-4097b98e53a8","f6df6297-62fb-46a6-982d-7ec3ab4552ef","171ca141-2ff2-49c3-95d4-e7ba3aabb6da","7c853e45-a507-4e4b-af1d-bbfa0f910f36","5ff86d78-09ba-40c7-b156-31ef68603dab","2b78adbe-bd99-4065-a135-b84e9e41fbec","f66d1ab4-a1c6-4b6a-865e-54b16cc2259c","b2b7ee35-15f6-4581-87bc-0cb684f68cc9","31d15da5-0b2f-4b68-b0da-5c5915812ce7","a6eaca46-b50a-4b85-a4bd-80952d4ea38a","56b19349-eaac-4367-a634-4c8b8d7b2562","22514a5f-1c38-4fab-ab51-5758d96a15a7","1aa87889-06a9-42ea-9a0f-e37c9cd1a2ac","ac4cc8fc-b493-4d7d-a6b2-3fb46c741aad","ffe6e9bf-53be-4c24-9a5b-1c0d7a14aea4","9cceff2a-1dff-4393-b822-f1104f3118d3","8f0ccbc8-a614-4a84-9e9b-1cb313495809","a14b092d-21c9-4fe9-854c-00ae8070fb45","c44d0e62-3efb-4be1-ad54-adda61708fae","ef38fcb5-ebe9-4b86-8dbe-134d91981f61","3f33423b-2a52-45bf-b45c-4de500996874","a9847265-dd84-4666-8c82-d45a94119ec6","5ae1ddf4-37a0-45c6-b343-caf6332a89f8","86f182b9-b381-417c-9afd-a1af82625e4d","63ee154f-7681-420f-83d9-9f71622c94cc","ada1851a-a299-4aac-9c23-985bb5a6b105","515b8c91-d014-49e7-b0a4-f9e84db3522d","fd487155-817a-4e9b-b43e-e97eff150576","535d4612-11ef-430f-9d48-54037627616a","6ecc5c4e-d920-4dd0-a8d4-30982d6bc47b","da83c0c4-2dd2-4f29-837f-df6010e7972d","3e36eaaf-960e-421a-8799-a92388a0d8b1","966b8f92-e45f-46e9-ad3f-c1d45631de03","a47b1766-14f0-49ee-9c67-ae1e80a1f242","55d803c9-5255-40af-b681-9ba37b0600f8","72af066b-c678-401f-9d7a-72e5f9169340","9f7a79d6-74d6-4d1f-8a2d-4a7b18f3da4f","ac307fcd-9c7a-478c-b0f2-903849836323","8f07a4f8-ec05-4264-900a-3612a801fce3","b7958034-8687-4db9-b305-dd106b8393be","ba84f850-98cf-4b47-a4bb-2416bd079d87","b96d42ae-216c-4070-8bf9-fd5fe7792341","500cb2e6-6a36-4d1b-8334-4fea6bfa9dec","f79c50b7-69d7-4d0f-834b-15d19714c240","bfb1ebc1-d9b9-4452-be08-b4c5427ce8bc","48906689-55d2-43d7-b3e1-2e3e053ee961","79bfe77e-5a62-4c01-8575-41a74f0e79dc","6a85eef0-e1dc-41dd-a01d-c0d01e573a99","6660a1c5-9446-45a8-bd5d-bcd103e1e2f2","096cc7dd-6927-4d3d-8530-d84be1c243cb","ea5747bc-c6ba-4ec0-8bc1-db0e10be1a45","56cd13ae-c1cf-4f55-90d9-b94daff60489","97ad60c1-8a13-4a2c-bd03-8a710cb325c0","034aae90-c587-4812-a473-b071692eb91a","63abbfec-d3d2-46b2-9153-dd846a379b22","14edd668-2747-42e5-9ade-7a57bbb4d978","92b7950d-b6ad-4106-9f5a-b4f7cbe82840","37f6abe5-fbc9-41d8-8423-5810642a6536","11099525-8811-441f-9eeb-46299b2327cc","38e8a16b-5df6-448f-a492-9240a7617499","ddcfb160-3f94-430e-b2ee-ba8b14f20c41","f774f3ce-a55b-4036-8fba-a88f89e958ff","ba62da15-2fcc-4df4-86d3-d8cd800df6b3","0a3478a0-b60d-4fd7-ab88-8f21abe224ad","46cec1d6-3512-494c-8a33-9082755a4f22","f31fc8bc-fade-47ce-93f0-5f8266b13faa","7317d740-1b39-41d6-a926-80c4b796acf4","e4b7355f-1a9e-4d20-8be6-2a16ef406055","d3c4fdfb-4ea8-4acb-8395-5ceb422106c5","ee503545-dae8-45bb-a1ca-7342ed537fa6","80caf0f1-8bd4-42ce-b78e-00087519f3fb","d93f7fa6-2634-4ee2-a8ab-c8c4d2409cf1","62d0a369-b47a-4ac0-9bdd-238f54f223eb","3a7d64bb-0a0a-4c6d-b57b-31fbba028f9d","b61b6eb3-7350-4dab-94fc-a8a0062ef1fd","7a4c3645-bd06-42f2-a7b0-43c2e151d19b","35c40e73-be0d-4067-9398-a467fdea9bff","fad22d79-5791-41a1-b8c5-e25ceaec1db3","18e004f2-9ff2-409f-b401-8122ae399f50","564baff8-ad16-4269-93cb-5e2ff50104ff","c6ea093d-e322-4969-988f-3e4a1b139bb5"],"name":"fop.headertitle.other","clusterBreadcrumbs":[],"additionalProductAttributes":[{},{},{},{},{},{},{},{},{},{},{},{},{},{},{},{},{},{},{},{},{},{},{},{},{},{},{},{},{},{},{},{},{},{},{},{},{},{},{},{},{},{},{},{},{},{},{},{},{},{},{},{},{},{},{},{},{},{},{},{},{},{},{},{},{},{},{},{},{},{},{},{},{},{},{},{},{},{},{},{},{},{},{},{},{},{},{},{},{},{},{},{},{},{},{},{},{},{},{},{},{},{},{},{},{},{},{},{},{},{},{},{},{},{},{},{},{},{},{},{},{},{},{},{},{},{},{},{},{},{},{},{},{},{},{},{},{},{},{},{},{},{},{},{},{},{},{},{},{},{},{},{},{},{},{},{},{},{},{},{},{},{},{},{},{},{},{},{},{},{},{},{},{},{},{},{},{},{},{},{},{},{},{},{},{},{},{},{},{},{},{},{},{},{},{},{},{},{},{},{},{},{},{},{},{},{},{},{},{},{},{},{},{},{},{},{},{},{},{},{},{},{},{},{},{},{},{},{},{},{},{},{},{},{},{},{},{},{},{},{},{},{},{},{},{},{},{},{},{},{},{},{},{},{},{},{},{},{},{},{},{},{},{},{},{},{},{},{},{},{}]}],"breadcrumbs":[{"name":"Glass, Godis & Snacks","id":"106e21e6-c238-46ec-b497-7053a1ad1f5c","retailerCategoryId":"399","fullURLPath":"Glass-Godis-Snacks"},{"name":"Choklad","id":"abfad4ad-011b-49cf-af79-9c3d120ab0a3","retailerCategoryId":"414","fullURLPath":"Glass-Godis-Snacks\u002FChoklad"}],"sortOptions":[{"id":"favorite","messageKey":"sorting.option.favorite","selected":true},{"id":"pricePerAscending","messageKey":"sorting.option.price.per.ascending","selected":false},{"id":"pricePerDescending","messageKey":"sorting.option.price.per.descending","selected":false},{"id":"nameAscending","messageKey":"sorting.option.name.ascending","selected":false},{"id":"nameDescending","messageKey":"sorting.option.name.descending","selected":false},{"id":"priceAscending","messageKey":"sorting.option.price.ascending","selected":false},{"id":"priceDescending","messageKey":"sorting.option.price.descending","selected":false}],"categories":[{"id":"aad88889-8db4-4396-a26f-db569038a3c4","name":"Chokladkakor","productCount":135,"fullURLPath":"Glass-Godis-Snacks\u002FChoklad\u002FChokladkakor","retailerCategoryId":"1563","children":[]},{"id":"b4e37ba8-39c5-43cb-ae87-f23719d3d681","name":"ChokladpÃ¥sar","productCount":58,"fullURLPath":"Glass-Godis-Snacks\u002FChoklad\u002FChokladpÃ¥sar","retailerCategoryId":"1564","children":[]},{"id":"2a3805a6-8a2e-4879-8192-afb4b457a1a8","name":"Chokladstycksaker","productCount":87,"fullURLPath":"Glass-Godis-Snacks\u002FChoklad\u002FChokladstycksaker","retailerCategoryId":"1565","children":[]},{"id":"1e238aa7-e342-4d59-b5e2-757ca9cf9c9a","name":"Praliner & presentaskar","productCount":115,"fullURLPath":"Glass-Godis-Snacks\u002FChoklad\u002FPraliner-presentaskar","retailerCategoryId":"415","children":[]},{"id":"871150b4-9bdc-46bc-afa8-5cc21e4ad43a","name":"Vegansk choklad","productCount":14,"fullURLPath":"Glass-Godis-Snacks\u002FChoklad\u002FVegansk-choklad","retailerCategoryId":"2905","children":[]}],"filters":[{"id":"brands","label":"brands","attributes":[{"id":"Marabou","label":"Marabou","selected":false},{"id":"Cloetta","label":"Cloetta","selected":false},{"id":"Fazer","label":"Fazer","selected":false},{"id":"Lindt","label":"Lindt","selected":false},{"id":"Daim","label":"Daim","selected":false},{"id":"Snickers","label":"Snickers","selected":false},{"id":"Anthon Berg","label":"Anthon Berg","selected":false},{"id":"Toblerone","label":"Toblerone","selected":false},{"id":"Twix","label":"Twix","selected":false},{"id":"Nestle","label":"Nestle","selected":false},{"id":"Ferrero","label":"Ferrero","selected":false},{"id":"Riesen","label":"Riesen","selected":false},{"id":"Treatville","label":"Treatville","selected":false},{"id":"ICA Selection","label":"ICA Selection","selected":false},{"id":"Ritter","label":"Ritter","selected":false},{"id":"Olw","label":"Olw","selected":false},{"id":"Mars","label":"Mars","selected":false},{"id":"Bounty","label":"Bounty","selected":false},{"id":"Toffifee","label":"Toffifee","selected":false},{"id":"Merci","label":"Merci","selected":false},{"id":"Greenstar","label":"Greenstar","selected":false},{"id":"NickÂ´s","label":"NickÂ´s","selected":false},{"id":"Friedel","label":"Friedel","selected":false},{"id":"Aroma","label":"Aroma","selected":false},{"id":"Tony's Chocolonely","label":"Tony's Chocolonely","selected":false},{"id":"Tupla","label":"Tupla","selected":false},{"id":"Maltesers","label":"Maltesers","selected":false},{"id":"M&M","label":"M&M","selected":false},{"id":"Werthers original","label":"Werthers original","selected":false},{"id":"Candypeople","label":"Candypeople","selected":false},{"id":"Cote d Or","label":"Cote d Or","selected":false},{"id":"Hulten","label":"Hulten","selected":false},{"id":"Toms","label":"Toms","selected":false},{"id":"Ballerina","label":"Ballerina","selected":false},{"id":"Haribo","label":"Haribo","selected":false},{"id":"Asba","label":"Asba","selected":false},{"id":"ICA","label":"ICA","selected":false},{"id":"Aladdin","label":"Aladdin","selected":false},{"id":"Annas","label":"Annas","selected":false},{"id":"KNOPPERS","label":"KNOPPERS","selected":false},{"id":"Look o Look","label":"Look o Look","selected":false},{"id":"Tweek","label":"Tweek","selected":false},{"id":"Plamil","label":"Plamil","selected":false},{"id":"Wellibites","label":"Wellibites","selected":false},{"id":"Steenland Chocolate","label":"Steenland Chocolate","selected":false},{"id":"Kras","label":"Kras","selected":false},{"id":"Candy Collection","label":"Candy Collection","selected":false}],"type":"BRANDS"},{"id":"dietaryAndLifestyle","label":"ProduktmÃ¤rkningar","attributes":[{"id":"yeastFree","label":"Ekologiskt","selected":false},{"id":"fairtrade","label":"Fairtrade","selected":false},{"id":"additiveFree","label":"Bra miljÃ¶val\u002FFalken","selected":false},{"id":"rearedWithoutAntibiotics","label":"MSC-mÃ¤rkt","selected":false},{"id":"fedWithoutGmo","label":"NyckelhÃ¥lsmÃ¤rkt","selected":false},{"id":"sustainablePalmOil","label":"Rainforest Alliance certifierad","selected":false},{"id":"noAddedSugar","label":"SvanenmÃ¤rkt","selected":false},{"id":"sugarFree","label":"UTZ Certified","selected":false},{"id":"previouslyFrozen","label":"KRAV","selected":false},{"id":"lactoseFree","label":"Laktosfritt","selected":false},{"id":"glutenFree","label":"Glutenfritt","selected":false},{"id":"wheatFree","label":"Ursprungsland Sverige","selected":false}],"type":"RETAILER"}],"totalProducts":300,"fullURLPath":"Glass-Godis-Snacks\u002FChoklad","missedPromotions":[{"promoId":"a711c692-d627-4dda-b36c-549dab56ef22","retailerPromotionId":"5003019087-1699881043","countBy":"ALL_PRODUCTS","counters":[{"productIds":["c01b83eb-b6b9-4ddb-92f5-b53732930f79","9f162a80-fda6-4994-8035-703a80cb33c8","6a94bf27-dd0f-4e5e-a690-15ccb80c9684"],"requiredProductQuantity":2}]},{"promoId":"eda2a794-4832-47f0-a177-853fc7162841","retailerPromotionId":"5003037309-1699625173","countBy":"ALL_PRODUCTS","counters":[{"productIds":["2b34e865-d920-41b8-bb09-e1de5fefdb08","f4442de4-e143-4f43-bfda-45c4c7090842","37af592f-f45d-4211-a871-b28c016a454e","ac146ba5-0681-4f38-9476-2e641c7a7643","532a14d4-84c3-4685-8dab-678d7daa147d","98041aab-90bf-4d9c-955d-4f6995c2121c","b1ff9504-50d9-4f65-b93b-10185d69e602","49c3451e-2c0b-4da8-a0e0-8c3d72b48931","ef1c2c59-3fcb-4beb-9478-598e394472e7","5aa155d1-c578-4fd4-b4e5-cbd80c13372f","7be90680-a02f-4b99-a197-5aad58368203","c75de3ca-4feb-4d1a-b150-d9d791f9454d","542dc3f9-0f46-4719-914b-11dbf7edbf87","2beded28-a858-4a5e-a7ab-520356fa639d","0630f86f-bcac-4573-a43c-aaa13d479813","b4f91429-54bf-4846-bc9e-7d955b19b310","d05e1e70-ae8c-4fc8-bf25-d6c704402070","128a80c2-e57d-48f6-9482-a95c2e145df7"],"requiredProductQuantity":2}]},{"promoId":"d083941f-3930-4946-8cf4-d73d9888eeb1","retailerPromotionId":"5003019083-1699265412","countBy":"ALL_PRODUCTS","counters":[{"productIds":["2284e86d-e4d2-4b5e-bd92-92322554c835","761084bf-3c54-46d0-b9db-b0dea0788304","df2d2ed4-4e94-4ac1-8f25-616768b6d7dc","bbe2c18e-1d56-46f4-afb1-46b1721e3aff","36366e7a-f4b1-4d3e-b4f7-b01fa2907df9","f671f192-12d4-4c7f-ace1-2abd78d80d76","206690db-10be-49ca-bc3e-ffc0029859a5","4e5385b1-a3ba-47cf-b77f-f3f959a5b1e6"],"requiredProductQuantity":2}]}],"retailerCategoryId":"414"},"error":null,"selectedSortOptionId":"favorite","lastFetchedLocation":"\u002Fcategories\u002FGlass-Godis-Snacks\u002FChoklad\u002Fabfad4ad-011b-49cf-af79-9c3d120ab0a3?source=navigation"},"basket":{"isFetching":false,"fetchError":false,"didInvalidate":false,"lastUpdated":null,"data":{}},"offers":{"isFetching":false,"fetchError":false,"didInvalidate":false,"lastUpdated":null,"data":{"promotionPageType":"UNKNOWN","sortOptions":[],"promoId":"","retailerPromotionId":"","description":"","promotionGroups":[{"products":[],"quantity":0}]}},"productEntities":{"b1ff9504-50d9-4f65-b93b-10185d69e602":{"productId":"b1ff9504-50d9-4f65-b93b-10185d69e602","retailerProductId":"1005055","name":"Chokladkaka MjÃ¶lkchoklad 200g Marabou","available":true,"maxQuantityReached":false,"imagePaths":["https:\u002F\u002Fhandlaprivatkund.ica.se\u002Fimages-v3\u002Fbf7a00ca-390e-4769-865f-dc369586872e\u002Fd4b59e05-07a3-44ce-89f9-08bb367dd4ec"],"alternatives":[],"price":{"current":{"amount":"24.95","currency":"SEK"},"unit":{"label":"fop.price.per.kg","current":{"amount":"124.75","currency":"SEK"}}},"isInCurrentCatalog":true,"isInProductList":false,"brand":"Marabou","retailerFinancingPlanIds":[],"image":{"src":"https:\u002F\u002Fhandlaprivatkund.ica.se\u002Fimages-v3\u002Fbf7a00ca-390e-4769-865f-dc369586872e\u002Fd4b59e05-07a3-44ce-89f9-08bb367dd4ec\u002F300x300.jpg","description":"Chokladkaka MjÃ¶lkchoklad 200g Marabou"},"images":[{"src":"https:\u002F\u002Fhandlaprivatkund.ica.se\u002Fimages-v3\u002Fbf7a00ca-390e-4769-865f-dc369586872e\u002Fd4b59e05-07a3-44ce-89f9-08bb367dd4ec\u002F500x500.jpg","description":"Chokladkaka MjÃ¶lkchoklad 200g Marabou"}],"icons":{"certification":[]},"offers":[{"id":"eda2a794-4832-47f0-a177-853fc7162841","retailerPromotionId":"5003037309-1699625173","description":"2 fÃ¶r 39 kr -- Stammispris","type":"OFFER","presentationMode":"DEFAULT","requiredProductQuantity":2}],"offer":{"id":"eda2a794-4832-47f0-a177-853fc7162841","description":"2 fÃ¶r 39 kr -- Stammispris","type":"OFFER","retailerPromotionId":"5003037309-1699625173","requiredProductQuantity":2,"presentationMode":"DEFAULT"},"size":{"value":"0.2kg"},"featured":"false"},"c75de3ca-4feb-4d1a-b150-d9d791f9454d":{"productId":"c75de3ca-4feb-4d1a-b150-d9d791f9454d","retailerProductId":"1005056","name":"Chokladkaka SchweizernÃ¶t 200g Marabou","available":true,"maxQuantityReached":false,"imagePaths":["https:\u002F\u002Fhandlaprivatkund.ica.se\u002Fimages-v3\u002Fbf7a00ca-390e-4769-865f-dc369586872e\u002Fec954170-9d60-458c-a4bf-c17b80fdbd76"],"alternatives":[],"price":{"current":{"amount":"24.95","currency":"SEK"},"unit":{"label":"fop.price.per.kg","current":{"amount":"124.75","currency":"SEK"}}},"isInCurrentCatalog":true,"isInProductList":false,"brand":"Marabou","retailerFinancingPlanIds":[],"image":{"src":"https:\u002F\u002Fhandlaprivatkund.ica.se\u002Fimages-v3\u002Fbf7a00ca-390e-4769-865f-dc369586872e\u002Fec954170-9d60-458c-a4bf-c17b80fdbd76\u002F300x300.jpg","description":"Chokladkaka SchweizernÃ¶t 200g Marabou"},"images":[{"src":"https:\u002F\u002Fhandlaprivatkund.ica.se\u002Fimages-v3\u002Fbf7a00ca-390e-4769-865f-dc369586872e\u002Fec954170-9d60-458c-a4bf-c17b80fdbd76\u002F500x500.jpg","description":"Chokladkaka SchweizernÃ¶t 200g Marabou"}],"icons":{"certification":[]},"offers":[{"id":"eda2a794-4832-47f0-a177-853fc7162841","retailerPromotionId":"5003037309-1699625173","description":"2 fÃ¶r 39 kr -- Stammispris","type":"OFFER","presentationMode":"DEFAULT","requiredProductQuantity":2}],"offer":{"id":"eda2a794-4832-47f0-a177-853fc7162841","description":"2 fÃ¶r 39 kr -- Stammispris","type":"OFFER","retailerPromotionId":"5003037309-1699625173","requiredProductQuantity":2,"presentationMode":"DEFAULT"},"size":{"value":"0.2kg"},"featured":"false"},"b4f91429-54bf-4846-bc9e-7d955b19b310":{"productId":"b4f91429-54bf-4846-bc9e-7d955b19b310","retailerProductId":"1003832","name":"Chokladkaka Apelsinkrokant 200g Marabou","available":true,"maxQuantityReached":false,"imagePaths":["https:\u002F\u002Fhandlaprivatkund.ica.se\u002Fimages-v3\u002Fbf7a00ca-390e-4769-865f-dc369586872e\u002F34a99a80-b53a-45ae-80b5-d357a1b79ed5"],"alternatives":[],"price":{"current":{"amount":"24.95","currency":"SEK"},"unit":{"label":"fop.price.per.kg","current":{"amount":"124.75","currency":"SEK"}}},"isInCurrentCatalog":true,"isInProductList":false,"brand":"Marabou","retailerFinancingPlanIds":[],"image":{"src":"https:\u002F\u002Fhandlaprivatkund.ica.se\u002Fimages-v3\u002Fbf7a00ca-390e-4769-865f-dc369586872e\u002F34a99a80-b53a-45ae-80b5-d357a1b79ed5\u002F300x300.jpg","description":"Chokladkaka Apelsinkrokant 200g Marabou"},"images":[{"src":"https:\u002F\u002Fhandlaprivatkund.ica.se\u002Fimages-v3\u002Fbf7a00ca-390e-4769-865f-dc369586872e\u002F34a99a80-b53a-45ae-80b5-d357a1b79ed5\u002F500x500.jpg","description":"Chokladkaka Apelsinkrokant 200g Marabou"}],"icons":{"certification":[]},"offers":[{"id":"eda2a794-4832-47f0-a177-853fc7162841","retailerPromotionId":"5003037309-1699625173","description":"2 fÃ¶r 39 kr -- Stammispris","type":"OFFER","presentationMode":"DEFAULT","requiredProductQuantity":2}],"offer":{"id":"eda2a794-4832-47f0-a177-853fc7162841","description":"2 fÃ¶r 39 kr -- Stammispris","type":"OFFER","retailerPromotionId":"5003037309-1699625173","requiredProductQuantity":2,"presentationMode":"DEFAULT"},"size":{"value":"0.2kg"},"featured":"false"},"542dc3f9-0f46-4719-914b-11dbf7edbf87":{"productId":"542dc3f9-0f46-4719-914b-11dbf7edbf87","retailerProductId":"1305534","name":"Chokladkaka Daim 200g Marabou","available":true,"maxQuantityReached":false,"imagePaths":["https:\u002F\u002Fhandlaprivatkund.ica.se\u002Fimages-v3\u002Fbf7a00ca-390e-4769-865f-dc369586872e\u002Fedfeadfc-6a5c-4a61-a4b9-aa7652a9596b"],"alternatives":[],"price":{"current":{"amount":"24.95","currency":"SEK"},"unit":{"label":"fop.price.per.kg","current":{"amount":"124.75","currency":"SEK"}}},"isInCurrentCatalog":true,"isInProductList":false,"brand":"Marabou","retailerFinancingPlanIds":[],"image":{"src":"https:\u002F\u002Fhandlaprivatkund.ica.se\u002Fimages-v3\u002Fbf7a00ca-390e-4769-865f-dc369586872e\u002Fedfeadfc-6a5c-4a61-a4b9-aa7652a9596b\u002F300x300.jpg","description":"Chokladkaka Daim 200g Marabou"},"images":[{"src":"https:\u002F\u002Fhandlaprivatkund.ica.se\u002Fimages-v3\u002Fbf7a00ca-390e-4769-865f-dc369586872e\u002Fedfeadfc-6a5c-4a61-a4b9-aa7652a9596b\u002F500x500.jpg","description":"Chokladkaka Daim 200g Marabou"}],"icons":{"certification":[]},"offers":[{"id":"eda2a794-4832-47f0-a177-853fc7162841","retailerPromotionId":"5003037309-1699625173","description":"2 fÃ¶r 39 kr -- Stammispris","type":"OFFER","presentationMode":"DEFAULT","requiredProductQuantity":2}],"offer":{"id":"eda2a794-4832-47f0-a177-853fc7162841","description":"2 fÃ¶r 39 kr -- Stammispris","type":"OFFER","retailerPromotionId":"5003037309-1699625173","requiredProductQuantity":2,"presentationMode":"DEFAULT"},"size":{"value":"0.2kg"},"featured":"false"},"2beded28-a858-4a5e-a7ab-520356fa639d":{"productId":"2beded28-a858-4a5e-a7ab-520356fa639d","retailerProductId":"1005059","name":"Chokladkaka HelnÃ¶t 200g Marabou","available":true,"maxQuantityReached":false,"imagePaths":["https:\u002F\u002Fhandlaprivatkund.ica.se\u002Fimages-v3\u002Fbf7a00ca-390e-4769-865f-dc369586872e\u002Fabf763c2-932c-426f-b7e2-a6581bb64402"],"alternatives":[],"price":{"current":{"amount":"24.95","currency":"SEK"},"unit":{"label":"fop.price.per.kg","current":{"amount":"124.75","currency":"SEK"}}},"isInCurrentCatalog":true,"isInProductList":false,"brand":"Marabou","retailerFinancingPlanIds":[],"image":{"src":"https:\u002F\u002Fhandlaprivatkund.ica.se\u002Fimages-v3\u002Fbf7a00ca-390e-4769-865f-dc369586872e\u002Fabf763c2-932c-426f-b7e2-a6581bb64402\u002F300x300.jpg","description":"Chokladkaka HelnÃ¶t 200g Marabou"},"images":[{"src":"https:\u002F\u002Fhandlaprivatkund.ica.se\u002Fimages-v3\u002Fbf7a00ca-390e-4769-865f-dc369586872e\u002Fabf763c2-932c-426f-b7e2-a6581bb64402\u002F500x500.jpg","description":"Chokladkaka HelnÃ¶t 200g Marabou"}],"icons":{"certification":[]},"offers":[{"id":"eda2a794-4832-47f0-a177-853fc7162841","retailerPromotionId":"5003037309-1699625173","description":"2 fÃ¶r 39 kr -- Stammispris","type":"OFFER","presentationMode":"DEFAULT","requiredProductQuantity":2}],"offer":{"id":"eda2a794-4832-47f0-a177-853fc7162841","description":"2 fÃ¶r 39 kr -- Stammispris","type":"OFFER","retailerPromotionId":"5003037309-1699625173","requiredProductQuantity":2,"presentationMode":"DEFAULT"},"size":{"value":"0.2kg"},"featured":"false"},"ef1c2c59-3fcb-4beb-9478-598e394472e7":{"productId":"ef1c2c59-3fcb-4beb-9478-598e394472e7","retailerProductId":"2117698","name":"Choklad Caramello 160g Marabou","available":true,"maxQuantityReached":false,"imagePaths":["https:\u002F\u002Fhandlaprivatkund.ica.se\u002Fimages-v3\u002Fbf7a00ca-390e-4769-865f-dc369586872e\u002Ffa9bbde1-d07c-4949-9a30-e7f52f0519d2"],"alternatives":[],"price":{"current":{"amount":"24.95","currency":"SEK"},"unit":{"label":"fop.price.per.kg","current":{"amount":"155.94","currency":"SEK"}}},"isInCurrentCatalog":true,"isInProductList":false,"brand":"Marabou","retailerFinancingPlanIds":[],"image":{"src":"https:\u002F\u002Fhandlaprivatkund.ica.se\u002Fimages-v3\u002Fbf7a00ca-390e-4769-865f-dc369586872e\u002Ffa9bbde1-d07c-4949-9a30-e7f52f0519d2\u002F300x300.jpg","description":"Choklad Caramello 160g Marabou"},"images":[{"src":"https:\u002F\u002Fhandlaprivatkund.ica.se\u002Fimages-v3\u002Fbf7a00ca-390e-4769-865f-dc369586872e\u002Ffa9bbde1-d07c-4949-9a30-e7f52f0519d2\u002F500x500.jpg","description":"Choklad Caramello 160g Marabou"}],"icons":{"certification":[]},"offers":[{"id":"eda2a794-4832-47f0-a177-853fc7162841","retailerPromotionId":"5003037309-1699625173","description":"2 fÃ¶r 39 kr -- Stammispris","type":"OFFER","presentationMode":"DEFAULT","requiredProductQuantity":2}],"offer":{"id":"eda2a794-4832-47f0-a177-853fc7162841","description":"2 fÃ¶r 39 kr -- Stammispris","type":"OFFER","retailerPromotionId":"5003037309-1699625173","requiredProductQuantity":2,"presentationMode":"DEFAULT"},"size":{"value":"0.16kg"},"featured":"false"},"f4442de4-e143-4f43-bfda-45c4c7090842":{"productId":"f4442de4-e143-4f43-bfda-45c4c7090842","retailerProductId":"1005058","name":"Chokladkaka Frukt & Mandel 200g Marabou","available":true,"maxQuantityReached":false,"imagePaths":["https:\u002F\u002Fhandlaprivatkund.ica.se\u002Fimages-v3\u002Fbf7a00ca-390e-4769-865f-dc369586872e\u002F0ad2e7bc-e063-48bc-b08d-89df88c65312"],"alternatives":[],"price":{"current":{"amount":"24.95","currency":"SEK"},"unit":{"label":"fop.price.per.kg","current":{"amount":"124.75","currency":"SEK"}}},"isInCurrentCatalog":true,"isInProductList":false,"brand":"Marabou","retailerFinancingPlanIds":[],"image":{"src":"https:\u002F\u002Fhandlaprivatkund.ica.se\u002Fimages-v3\u002Fbf7a00ca-390e-4769-865f-dc369586872e\u002F0ad2e7bc-e063-48bc-b08d-89df88c65312\u002F300x300.jpg","description":"Chokladkaka Frukt & Mandel 200g Marabou"},"images":[{"src":"https:\u002F\u002Fhandlaprivatkund.ica.se\u002Fimages-v3\u002Fbf7a00ca-390e-4769-865f-dc369586872e\u002F0ad2e7bc-e063-48bc-b08d-89df88c65312\u002F500x500.jpg","description":"Chokladkaka Frukt & Mandel 200g Marabou"}],"icons":{"certification":[]},"offers":[{"id":"eda2a794-4832-47f0-a177-853fc7162841","retailerPromotionId":"5003037309-1699625173","description":"2 fÃ¶r 39 kr -- Stammispris","type":"OFFER","presentationMode":"DEFAULT","requiredProductQuantity":2}],"offer":{"id":"eda2a794-4832-47f0-a177-853fc7162841","description":"2 fÃ¶r 39 kr -- Stammispris","type":"OFFER","retailerPromotionId":"5003037309-1699625173","requiredProductQuantity":2,"presentationMode":"DEFAULT"},"size":{"value":"0.2kg"},"featured":"false"},"2b34e865-d920-41b8-bb09-e1de5fefdb08":{"productId":"2b34e865-d920-41b8-bb09-e1de5fefdb08","retailerProductId":"1477627","name":"Chokladkaka Salta mandlar 200g Marabou","available":true,"maxQuantityReached":false,"imagePaths":["https:\u002F\u002Fhandlaprivatkund.ica.se\u002Fimages-v3\u002Fbf7a00ca-390e-4769-865f-dc369586872e\u002Fd23355d9-df6e-46b7-96a5-f91e1a07aa6f"],"alternatives":[],"price":{"current":{"amount":"24.95","currency":"SEK"},"unit":{"label":"fop.price.per.kg","current":{"amount":"124.75","currency":"SEK"}}},"isInCurrentCatalog":true,"isInProductList":false,"brand":"Marabou","retailerFinancingPlanIds":[],"image":{"src":"https:\u002F\u002Fhandlaprivatkund.ica.se\u002Fimages-v3\u002Fbf7a00ca-390e-4769-865f-dc369586872e\u002Fd23355d9-df6e-46b7-96a5-f91e1a07aa6f\u002F300x300.jpg","description":"Chokladkaka Salta mandlar 200g Marabou"},"images":[{"src":"https:\u002F\u002Fhandlaprivatkund.ica.se\u002Fimages-v3\u002Fbf7a00ca-390e-4769-865f-dc369586872e\u002Fd23355d9-df6e-46b7-96a5-f91e1a07aa6f\u002F500x500.jpg","description":"Chokladkaka Salta mandlar 200g Marabou"}],"icons":{"certification":[]},"offers":[{"id":"eda2a794-4832-47f0-a177-853fc7162841","retailerPromotionId":"5003037309-1699625173","description":"2 fÃ¶r 39 kr -- Stammispris","type":"OFFER","presentationMode":"DEFAULT","requiredProductQuantity":2}],"offer":{"id":"eda2a794-4832-47f0-a177-853fc7162841","description":"2 fÃ¶r 39 kr -- Stammispris","type":"OFFER","retailerPromotionId":"5003037309-1699625173","requiredProductQuantity":2,"presentationMode":"DEFAULT"},"size":{"value":"0.2kg"},"featured":"false"},"ac146ba5-0681-4f38-9476-2e641c7a7643":{"productId":"ac146ba5-0681-4f38-9476-2e641c7a7643","retailerProductId":"1005073","name":"Chokladkaka Mintkrokant 200g Marabou","available":true,"maxQuantityReached":false,"imagePaths":["https:\u002F\u002Fhandlaprivatkund.ica.se\u002Fimages-v3\u002Fbf7a00ca-390e-4769-865f-dc369586872e\u002F5e9210e7-d5b7-4433-94b6-76d47e36697e"],"alternatives":[],"price":{"current":{"amount":"24.95","currency":"SEK"},"unit":{"label":"fop.price.per.kg","current":{"amount":"124.75","currency":"SEK"}}},"isInCurrentCatalog":true,"isInProductList":false,"brand":"Marabou","retailerFinancingPlanIds":[],"image":{"src":"https:\u002F\u002Fhandlaprivatkund.ica.se\u002Fimages-v3\u002Fbf7a00ca-390e-4769-865f-dc369586872e\u002F5e9210e7-d5b7-4433-94b6-76d47e36697e\u002F300x300.jpg","description":"Chokladkaka Mintkrokant 200g Marabou"},"images":[{"src":"https:\u002F\u002Fhandlaprivatkund.ica.se\u002Fimages-v3\u002Fbf7a00ca-390e-4769-865f-dc369586872e\u002F5e9210e7-d5b7-4433-94b6-76d47e36697e\u002F500x500.jpg","description":"Chokladkaka Mintkrokant 200g Marabou"}],"icons":{"certification":[]},"offers":[{"id":"eda2a794-4832-47f0-a177-853fc7162841","retailerPromotionId":"5003037309-1699625173","description":"2 fÃ¶r 39 kr -- Stammispris","type":"OFFER","presentationMode":"DEFAULT","requiredProductQuantity":2}],"offer":{"id":"eda2a794-4832-47f0-a177-853fc7162841","description":"2 fÃ¶r 39 kr -- Stammispris","type":"OFFER","retailerPromotionId":"5003037309-1699625173","requiredProductQuantity":2,"presentationMode":"DEFAULT"},"size":{"value":"0.2kg"},"featured":"false"},"98041aab-90bf-4d9c-955d-4f6995c2121c":{"productId":"98041aab-90bf-4d9c-955d-4f6995c2121c","retailerProductId":"2053195","name":"MjÃ¶lkchoklad med havssalt 185g Marabou","available":true,"maxQuantityReached":false,"imagePaths":["https:\u002F\u002Fhandlaprivatkund.ica.se\u002Fimages-v3\u002Fbf7a00ca-390e-4769-865f-dc369586872e\u002Ff63bbf1b-1d31-4bdf-8eb2-d2ae5275292d"],"alternatives":[],"price":{"current":{"amount":"24.95","currency":"SEK"},"unit":{"label":"fop.price.per.kg","current":{"amount":"134.86","currency":"SEK"}}},"isInCurrentCatalog":true,"isInProductList":false,"brand":"Marabou","retailerFinancingPlanIds":[],"image":{"src":"https:\u002F\u002Fhandlaprivatkund.ica.se\u002Fimages-v3\u002Fbf7a00ca-390e-4769-865f-dc369586872e\u002Ff63bbf1b-1d31-4bdf-8eb2-d2ae5275292d\u002F300x300.jpg","description":"MjÃ¶lkchoklad med havssalt 185g Marabou"},"images":[{"src":"https:\u002F\u002Fhandlaprivatkund.ica.se\u002Fimages-v3\u002Fbf7a00ca-390e-4769-865f-dc369586872e\u002Ff63bbf1b-1d31-4bdf-8eb2-d2ae5275292d\u002F500x500.jpg","description":"MjÃ¶lkchoklad med havssalt 185g Marabou"}],"icons":{"certification":[]},"offers":[{"id":"eda2a794-4832-47f0-a177-853fc7162841","retailerPromotionId":"5003037309-1699625173","description":"2 fÃ¶r 39 kr -- Stammispris","type":"OFFER","presentationMode":"DEFAULT","requiredProductQuantity":2}],"offer":{"id":"eda2a794-4832-47f0-a177-853fc7162841","description":"2 fÃ¶r 39 kr -- Stammispris","type":"OFFER","retailerPromotionId":"5003037309-1699625173","requiredProductQuantity":2,"presentationMode":"DEFAULT"},"size":{"value":"0.185kg"},"featured":"false"},"128a80c2-e57d-48f6-9482-a95c2e145df7":{"productId":"128a80c2-e57d-48f6-9482-a95c2e145df7","retailerProductId":"1464171","name":"Chokladkaka Oreo 185g Marabou","available":true,"maxQuantityReached":false,"imagePaths":["https:\u002F\u002Fhandlaprivatkund.ica.se\u002Fimages-v3\u002Fbf7a00ca-390e-4769-865f-dc369586872e\u002F29cb95ac-5886-4f2f-b677-1075d4d07146"],"alternatives":[],"price":{"current":{"amount":"24.95","currency":"SEK"},"unit":{"label":"fop.price.per.kg","current":{"amount":"134.86","currency":"SEK"}}},"isInCurrentCatalog":true,"isInProductList":false,"brand":"Marabou","retailerFinancingPlanIds":[],"image":{"src":"https:\u002F\u002Fhandlaprivatkund.ica.se\u002Fimages-v3\u002Fbf7a00ca-390e-4769-865f-dc369586872e\u002F29cb95ac-5886-4f2f-b677-1075d4d07146\u002F300x300.jpg","description":"Chokladkaka Oreo 185g Marabou"},"images":[{"src":"https:\u002F\u002Fhandlaprivatkund.ica.se\u002Fimages-v3\u002Fbf7a00ca-390e-4769-865f-dc369586872e\u002F29cb95ac-5886-4f2f-b677-1075d4d07146\u002F500x500.jpg","description":"Chokladkaka Oreo 185g Marabou"}],"icons":{"certification":[]},"offers":[{"id":"eda2a794-4832-47f0-a177-853fc7162841","retailerPromotionId":"5003037309-1699625173","description":"2 fÃ¶r 39 kr -- Stammispris","type":"OFFER","presentationMode":"DEFAULT","requiredProductQuantity":2}],"offer":{"id":"eda2a794-4832-47f0-a177-853fc7162841","description":"2 fÃ¶r 39 kr -- Stammispris","type":"OFFER","retailerPromotionId":"5003037309-1699625173","requiredProductQuantity":2,"presentationMode":"DEFAULT"},"size":{"value":"0.185kg"},"featured":"false"},"d05e1e70-ae8c-4fc8-bf25-d6c704402070":{"productId":"d05e1e70-ae8c-4fc8-bf25-d6c704402070","retailerProductId":"1527940","name":"MjÃ¶lkchoklad Fudge & Havssalt 185g Marabou","available":true,"maxQuantityReached":false,"imagePaths":["https:\u002F\u002Fhandlaprivatkund.ica.se\u002Fimages-v3\u002Fbf7a00ca-390e-4769-865f-dc369586872e\u002Fee357091-34ad-4d06-a3e1-2da8ab89e272"],"alternatives":[],"price":{"current":{"amount":"24.95","currency":"SEK"},"unit":{"label":"fop.price.per.kg","current":{"amount":"134.86","currency":"SEK"}}},"isInCurrentCatalog":true,"isInProductList":false,"brand":"Marabou","retailerFinancingPlanIds":[],"image":{"src":"https:\u002F\u002Fhandlaprivatkund.ica.se\u002Fimages-v3\u002Fbf7a00ca-390e-4769-865f-dc369586872e\u002Fee357091-34ad-4d06-a3e1-2da8ab89e272\u002F300x300.jpg","description":"MjÃ¶lkchoklad Fudge & Havssalt 185g Marabou"},"images":[{"src":"https:\u002F\u002Fhandlaprivatkund.ica.se\u002Fimages-v3\u002Fbf7a00ca-390e-4769-865f-dc369586872e\u002Fee357091-34ad-4d06-a3e1-2da8ab89e272\u002F500x500.jpg","description":"MjÃ¶lkchoklad Fudge & Havssalt 185g Marabou"}],"icons":{"certification":[]},"offers":[{"id":"eda2a794-4832-47f0-a177-853fc7162841","retailerPromotionId":"5003037309-1699625173","description":"2 fÃ¶r 39 kr -- Stammispris","type":"OFFER","presentationMode":"DEFAULT","requiredProductQuantity":2}],"offer":{"id":"eda2a794-4832-47f0-a177-853fc7162841","description":"2 fÃ¶r 39 kr -- Stammispris","type":"OFFER","retailerPromotionId":"5003037309-1699625173","requiredProductQuantity":2,"presentationMode":"DEFAULT"},"size":{"value":"0.185kg"},"featured":"false"},"9f162a80-fda6-4994-8035-703a80cb33c8":{"productId":"9f162a80-fda6-4994-8035-703a80cb33c8","retailerProductId":"1001144","name":"MarsipanbrÃ¶d 5-p 125g Anthon Berg","available":true,"maxQuantityReached":false,"imagePaths":["https:\u002F\u002Fhandlaprivatkund.ica.se\u002Fimages-v3\u002Fbf7a00ca-390e-4769-865f-dc369586872e\u002F76e6ec69-c326-4c11-bfdf-afcc9d9a7678"],"alternatives":[],"price":{"current":{"amount":"22.95","currency":"SEK"},"unit":{"label":"fop.price.per.kg","current":{"amount":"183.60","currency":"SEK"}}},"isInCurrentCatalog":true,"isInProductList":false,"brand":"Anthon Berg","retailerFinancingPlanIds":[],"image":{"src":"https:\u002F\u002Fhandlaprivatkund.ica.se\u002Fimages-v3\u002Fbf7a00ca-390e-4769-865f-dc369586872e\u002F76e6ec69-c326-4c11-bfdf-afcc9d9a7678\u002F300x300.jpg","description":"MarsipanbrÃ¶d 5-p 125g Anthon Berg"},"images":[{"src":"https:\u002F\u002Fhandlaprivatkund.ica.se\u002Fimages-v3\u002Fbf7a00ca-390e-4769-865f-dc369586872e\u002F76e6ec69-c326-4c11-bfdf-afcc9d9a7678\u002F500x500.jpg","description":"MarsipanbrÃ¶d 5-p 125g Anthon Berg"}],"icons":{"certification":[]},"offers":[{"id":"a711c692-d627-4dda-b36c-549dab56ef22","retailerPromotionId":"5003019087-1699881043","description":"2 fÃ¶r 35 kr","type":"OFFER","presentationMode":"DEFAULT","requiredProductQuantity":2}],"offer":{"id":"a711c692-d627-4dda-b36c-549dab56ef22","description":"2 fÃ¶r 35 kr","type":"OFFER","retailerPromotionId":"5003019087-1699881043","requiredProductQuantity":2,"presentationMode":"DEFAULT"},"size":{"value":"0.125kg"},"featured":"false"},"5aa155d1-c578-4fd4-b4e5-cbd80c13372f":{"productId":"5aa155d1-c578-4fd4-b4e5-cbd80c13372f","retailerProductId":"2084401","name":"Chokladkaka Lakrits Hallon & Caramel 185g Marabou","available":true,"maxQuantityReached":false,"imagePaths":["https:\u002F\u002Fhandlaprivatkund.ica.se\u002Fimages-v3\u002Fbf7a00ca-390e-4769-865f-dc369586872e\u002F4ffa2eca-d693-46fa-915e-9dffd409b1c4"],"alternatives":[],"price":{"current":{"amount":"24.95","currency":"SEK"},"unit":{"label":"fop.price.per.kg","current":{"amount":"134.86","currency":"SEK"}}},"isInCurrentCatalog":true,"isInProductList":false,"brand":"Marabou","retailerFinancingPlanIds":[],"image":{"src":"https:\u002F\u002Fhandlaprivatkund.ica.se\u002Fimages-v3\u002Fbf7a00ca-390e-4769-865f-dc369586872e\u002F4ffa2eca-d693-46fa-915e-9dffd409b1c4\u002F300x300.jpg","description":"Chokladkaka Lakrits Hallon & Caramel 185g Marabou"},"images":[{"src":"https:\u002F\u002Fhandlaprivatkund.ica.se\u002Fimages-v3\u002Fbf7a00ca-390e-4769-865f-dc369586872e\u002F4ffa2eca-d693-46fa-915e-9dffd409b1c4\u002F500x500.jpg","description":"Chokladkaka Lakrits Hallon & Caramel 185g Marabou"}],"icons":{"certification":[]},"offers":[{"id":"eda2a794-4832-47f0-a177-853fc7162841","retailerPromotionId":"5003037309-1699625173","description":"2 fÃ¶r 39 kr -- Stammispris","type":"OFFER","presentationMode":"DEFAULT","requiredProductQuantity":2}],"offer":{"id":"eda2a794-4832-47f0-a177-853fc7162841","description":"2 fÃ¶r 39 kr -- Stammispris","type":"OFFER","retailerPromotionId":"5003037309-1699625173","requiredProductQuantity":2,"presentationMode":"DEFAULT"},"size":{"value":"0.185kg"},"featured":"false"},"b7f55221-7579-4cc3-8e3e-bd967d5a0f34":{"productId":"b7f55221-7579-4cc3-8e3e-bd967d5a0f34","retailerProductId":"1377158","name":"Twist 145g Marabou","available":true,"maxQuantityReached":false,"imagePaths":["https:\u002F\u002Fhandlaprivatkund.ica.se\u002Fimages-v3\u002Fbf7a00ca-390e-4769-865f-dc369586872e\u002F33734b18-df7a-458d-8368-7258685bba8e"],"alternatives":[],"price":{"original":{"amount":"34.95","currency":"SEK"},"current":{"amount":"20.00","currency":"SEK"},"unit":{"label":"fop.price.per.kg","original":{"amount":"241.03","currency":"SEK"},"current":{"amount":"137.93","currency":"SEK"}}},"isInCurrentCatalog":true,"isInProductList":false,"brand":"Marabou","retailerFinancingPlanIds":[],"image":{"src":"https:\u002F\u002Fhandlaprivatkund.ica.se\u002Fimages-v3\u002Fbf7a00ca-390e-4769-865f-dc369586872e\u002F33734b18-df7a-458d-8368-7258685bba8e\u002F300x300.jpg","description":"Twist 145g Marabou"},"images":[{"src":"https:\u002F\u002Fhandlaprivatkund.ica.se\u002Fimages-v3\u002Fbf7a00ca-390e-4769-865f-dc369586872e\u002F33734b18-df7a-458d-8368-7258685bba8e\u002F500x500.jpg","description":"Twist 145g Marabou"}],"icons":{"certification":[]},"offers":[{"id":"9d2a4694-947d-425b-afee-60ad9f8124c8","retailerPromotionId":"5003019055-1700583197","description":"20 kr\u002Fst","type":"OFFER","presentationMode":"DEFAULT"}],"offer":{"id":"9d2a4694-947d-425b-afee-60ad9f8124c8","description":"20 kr\u002Fst","type":"OFFER","retailerPromotionId":"5003019055-1700583197","presentationMode":"DEFAULT"},"size":{"value":"0.145kg"},"featured":"false"},"532a14d4-84c3-4685-8dab-678d7daa147d":{"productId":"532a14d4-84c3-4685-8dab-678d7daa147d","retailerProductId":"2075484","name":"Chokladkaka Popcorn 185g Marabou","available":true,"maxQuantityReached":false,"imagePaths":["https:\u002F\u002Fhandlaprivatkund.ica.se\u002Fimages-v3\u002Fbf7a00ca-390e-4769-865f-dc369586872e\u002F2fd24bdf-7c43-464a-90f6-f2dc19d9dfd5"],"alternatives":[],"price":{"current":{"amount":"24.95","currency":"SEK"},"unit":{"label":"fop.price.per.kg","current":{"amount":"134.86","currency":"SEK"}}},"isInCurrentCatalog":true,"isInProductList":false,"brand":"Marabou","retailerFinancingPlanIds":[],"image":{"src":"https:\u002F\u002Fhandlaprivatkund.ica.se\u002Fimages-v3\u002Fbf7a00ca-390e-4769-865f-dc369586872e\u002F2fd24bdf-7c43-464a-90f6-f2dc19d9dfd5\u002F300x300.jpg","description":"Chokladkaka Popcorn 185g Marabou"},"images":[{"src":"https:\u002F\u002Fhandlaprivatkund.ica.se\u002Fimages-v3\u002Fbf7a00ca-390e-4769-865f-dc369586872e\u002F2fd24bdf-7c43-464a-90f6-f2dc19d9dfd5\u002F500x500.jpg","description":"Chokladkaka Popcorn 185g Marabou"}],"icons":{"certification":[]},"offers":[{"id":"eda2a794-4832-47f0-a177-853fc7162841","retailerPromotionId":"5003037309-1699625173","description":"2 fÃ¶r 39 kr -- Stammispris","type":"OFFER","presentationMode":"DEFAULT","requiredProductQuantity":2}],"offer":{"id":"eda2a794-4832-47f0-a177-853fc7162841","description":"2 fÃ¶r 39 kr -- Stammispris","type":"OFFER","retailerPromotionId":"5003037309-1699625173","requiredProductQuantity":2,"presentationMode":"DEFAULT"},"size":{"value":"0.185kg"},"featured":"false"},"37af592f-f45d-4211-a871-b28c016a454e":{"productId":"37af592f-f45d-4211-a871-b28c016a454e","retailerProductId":"2111799","name":"Vit choklad 180g Marabou","available":true,"maxQuantityReached":false,"imagePaths":["https:\u002F\u002Fhandlaprivatkund.ica.se\u002Fimages-v3\u002Fbf7a00ca-390e-4769-865f-dc369586872e\u002Fc470ed72-35b8-4f55-a0ab-3e67784716c6"],"alternatives":[],"price":{"current":{"amount":"24.95","currency":"SEK"},"unit":{"label":"fop.price.per.kg","current":{"amount":"138.61","currency":"SEK"}}},"isInCurrentCatalog":true,"isInProductList":false,"brand":"Marabou","retailerFinancingPlanIds":[],"image":{"src":"https:\u002F\u002Fhandlaprivatkund.ica.se\u002Fimages-v3\u002Fbf7a00ca-390e-4769-865f-dc369586872e\u002Fc470ed72-35b8-4f55-a0ab-3e67784716c6\u002F300x300.jpg","description":"Vit choklad 180g Marabou"},"images":[{"src":"https:\u002F\u002Fhandlaprivatkund.ica.se\u002Fimages-v3\u002Fbf7a00ca-390e-4769-865f-dc369586872e\u002Fc470ed72-35b8-4f55-a0ab-3e67784716c6\u002F500x500.jpg","description":"Vit choklad 180g Marabou"}],"icons":{"certification":[]},"offers":[{"id":"eda2a794-4832-47f0-a177-853fc7162841","retailerPromotionId":"5003037309-1699625173","description":"2 fÃ¶r 39 kr -- Stammispris","type":"OFFER","presentationMode":"DEFAULT","requiredProductQuantity":2}],"offer":{"id":"eda2a794-4832-47f0-a177-853fc7162841","description":"2 fÃ¶r 39 kr -- Stammispris","type":"OFFER","retailerPromotionId":"5003037309-1699625173","requiredProductQuantity":2,"presentationMode":"DEFAULT"},"size":{"value":"0.18kg"},"featured":"false"},"49c3451e-2c0b-4da8-a0e0-8c3d72b48931":{"productId":"49c3451e-2c0b-4da8-a0e0-8c3d72b48931","retailerProductId":"2107289","name":"Chokladkaka MÃ¶rk Choklad 180g Marabou","available":true,"maxQuantityReached":false,"imagePaths":["https:\u002F\u002Fhandlaprivatkund.ica.se\u002Fimages-v3\u002Fbf7a00ca-390e-4769-865f-dc369586872e\u002Fadcf4d13-5bef-4b40-9cc5-280f5eb774a1"],"alternatives":[],"price":{"current":{"amount":"24.95","currency":"SEK"},"unit":{"label":"fop.price.per.kg","current":{"amount":"138.61","currency":"SEK"}}},"isInCurrentCatalog":true,"isInProductList":false,"brand":"Marabou","retailerFinancingPlanIds":[],"image":{"src":"https:\u002F\u002Fhandlaprivatkund.ica.se\u002Fimages-v3\u002Fbf7a00ca-390e-4769-865f-dc369586872e\u002Fadcf4d13-5bef-4b40-9cc5-280f5eb774a1\u002F300x300.jpg","description":"Chokladkaka MÃ¶rk Choklad 180g Marabou"},"images":[{"src":"https:\u002F\u002Fhandlaprivatkund.ica.se\u002Fimages-v3\u002Fbf7a00ca-390e-4769-865f-dc369586872e\u002Fadcf4d13-5bef-4b40-9cc5-280f5eb774a1\u002F500x500.jpg","description":"Chokladkaka MÃ¶rk Choklad 180g Marabou"}],"icons":{"certification":[]},"offers":[{"id":"eda2a794-4832-47f0-a177-853fc7162841","retailerPromotionId":"5003037309-1699625173","description":"2 fÃ¶r 39 kr -- Stammispris","type":"OFFER","presentationMode":"DEFAULT","requiredProductQuantity":2}],"offer":{"id":"eda2a794-4832-47f0-a177-853fc7162841","description":"2 fÃ¶r 39 kr -- Stammispris","type":"OFFER","retailerPromotionId":"5003037309-1699625173","requiredProductQuantity":2,"presentationMode":"DEFAULT"},"size":{"value":"0.18kg"},"featured":"false"},"7be90680-a02f-4b99-a197-5aad58368203":{"productId":"7be90680-a02f-4b99-a197-5aad58368203","retailerProductId":"2045309","name":"Chokladkaka Pepparkaka 185g Marabou","available":true,"maxQuantityReached":false,"imagePaths":["https:\u002F\u002Fhandlaprivatkund.ica.se\u002Fimages-v3\u002Fbf7a00ca-390e-4769-865f-dc369586872e\u002F2b6adf87-848d-4b67-8dd4-23cd6273188c"],"alternatives":[],"price":{"current":{"amount":"24.95","currency":"SEK"},"unit":{"label":"fop.price.per.kg","current":{"amount":"134.86","currency":"SEK"}}},"isInCurrentCatalog":true,"isInProductList":false,"brand":"Marabou","retailerFinancingPlanIds":[],"image":{"src":"https:\u002F\u002Fhandlaprivatkund.ica.se\u002Fimages-v3\u002Fbf7a00ca-390e-4769-865f-dc369586872e\u002F2b6adf87-848d-4b67-8dd4-23cd6273188c\u002F300x300.jpg","description":"Chokladkaka Pepparkaka 185g Marabou"},"images":[{"src":"https:\u002F\u002Fhandlaprivatkund.ica.se\u002Fimages-v3\u002Fbf7a00ca-390e-4769-865f-dc369586872e\u002F2b6adf87-848d-4b67-8dd4-23cd6273188c\u002F500x500.jpg","description":"Chokladkaka Pepparkaka 185g Marabou"}],"icons":{"certification":[]},"offers":[{"id":"eda2a794-4832-47f0-a177-853fc7162841","retailerPromotionId":"5003037309-1699625173","description":"2 fÃ¶r 39 kr -- Stammispris","type":"OFFER","presentationMode":"DEFAULT","requiredProductQuantity":2}],"offer":{"id":"eda2a794-4832-47f0-a177-853fc7162841","description":"2 fÃ¶r 39 kr -- Stammispris","type":"OFFER","retailerPromotionId":"5003037309-1699625173","requiredProductQuantity":2,"presentationMode":"DEFAULT"},"size":{"value":"0.185kg"},"featured":"false"},"0630f86f-bcac-4573-a43c-aaa13d479813":{"productId":"0630f86f-bcac-4573-a43c-aaa13d479813","retailerProductId":"2091498","name":"Chokladkaka Pistachio 185g Marabou","available":true,"maxQuantityReached":false,"imagePaths":["https:\u002F\u002Fhandlaprivatkund.ica.se\u002Fimages-v3\u002Fbf7a00ca-390e-4769-865f-dc369586872e\u002F2d151e0a-7a42-451e-ab66-2743e01c8884"],"alternatives":[],"price":{"current":{"amount":"24.95","currency":"SEK"},"unit":{"label":"fop.price.per.kg","current":{"amount":"134.86","currency":"SEK"}}},"isInCurrentCatalog":true,"isInProductList":false,"brand":"Marabou","retailerFinancingPlanIds":[],"image":{"src":"https:\u002F\u002Fhandlaprivatkund.ica.se\u002Fimages-v3\u002Fbf7a00ca-390e-4769-865f-dc369586872e\u002F2d151e0a-7a42-451e-ab66-2743e01c8884\u002F300x300.jpg","description":"Chokladkaka Pistachio 185g Marabou"},"images":[{"src":"https:\u002F\u002Fhandlaprivatkund.ica.se\u002Fimages-v3\u002Fbf7a00ca-390e-4769-865f-dc369586872e\u002F2d151e0a-7a42-451e-ab66-2743e01c8884\u002F500x500.jpg","description":"Chokladkaka Pistachio 185g Marabou"}],"icons":{"certification":[]},"offers":[{"id":"eda2a794-4832-47f0-a177-853fc7162841","retailerPromotionId":"5003037309-1699625173","description":"2 fÃ¶r 39 kr -- Stammispris","type":"OFFER","presentationMode":"DEFAULT","requiredProductQuantity":2}],"offer":{"id":"eda2a794-4832-47f0-a177-853fc7162841","description":"2 fÃ¶r 39 kr -- Stammispris","type":"OFFER","retailerPromotionId":"5003037309-1699625173","requiredProductQuantity":2,"presentationMode":"DEFAULT"},"size":{"value":"0.185kg"},"featured":"false"},"36366e7a-f4b1-4d3e-b4f7-b01fa2907df9":{"productId":"36366e7a-f4b1-4d3e-b4f7-b01fa2907df9","retailerProductId":"2062675","name":"Chokladpraliner Geisha MjÃ¶lkchoklad 228g Fazer","available":true,"maxQuantityReached":false,"imagePaths":["https:\u002F\u002Fhandlaprivatkund.ica.se\u002Fimages-v3\u002Fbf7a00ca-390e-4769-865f-dc369586872e\u002Fa2f02fa0-e6fd-493a-9ee6-a4bdc8a90526"],"alternatives":[],"price":{"current":{"amount":"49.95","currency":"SEK"},"unit":{"label":"fop.price.per.kg","current":{"amount":"219.08","currency":"SEK"}}},"isInCurrentCatalog":true,"isInProductList":false,"brand":"Fazer","retailerFinancingPlanIds":[],"image":{"src":"https:\u002F\u002Fhandlaprivatkund.ica.se\u002Fimages-v3\u002Fbf7a00ca-390e-4769-865f-dc369586872e\u002Fa2f02fa0-e6fd-493a-9ee6-a4bdc8a90526\u002F300x300.jpg","description":"Chokladpraliner Geisha MjÃ¶lkchoklad 228g Fazer"},"images":[{"src":"https:\u002F\u002Fhandlaprivatkund.ica.se\u002Fimages-v3\u002Fbf7a00ca-390e-4769-865f-dc369586872e\u002Fa2f02fa0-e6fd-493a-9ee6-a4bdc8a90526\u002F500x500.jpg","description":"Chokladpraliner Geisha MjÃ¶lkchoklad 228g Fazer"}],"icons":{"certification":[]},"offers":[{"id":"d083941f-3930-4946-8cf4-d73d9888eeb1","retailerPromotionId":"5003019083-1699265412","description":"2 fÃ¶r 79 kr","type":"OFFER","presentationMode":"DEFAULT","requiredProductQuantity":2}],"offer":{"id":"d083941f-3930-4946-8cf4-d73d9888eeb1","description":"2 fÃ¶r 79 kr","type":"OFFER","retailerPromotionId":"5003019083-1699265412","requiredProductQuantity":2,"presentationMode":"DEFAULT"},"size":{"value":"0.228kg"},"featured":"false"},"4e5385b1-a3ba-47cf-b77f-f3f959a5b1e6":{"productId":"4e5385b1-a3ba-47cf-b77f-f3f959a5b1e6","retailerProductId":"2062643","name":"Chokladpraliner MjÃ¶lkchoklad 228g Fazer","available":true,"maxQuantityReached":false,"imagePaths":["https:\u002F\u002Fhandlaprivatkund.ica.se\u002Fimages-v3\u002Fbf7a00ca-390e-4769-865f-dc369586872e\u002F3e1dc74b-e2af-41a0-b29f-47e1c7b13c16"],"alternatives":[],"price":{"current":{"amount":"49.95","currency":"SEK"},"unit":{"label":"fop.price.per.kg","current":{"amount":"219.08","currency":"SEK"}}},"isInCurrentCatalog":true,"isInProductList":false,"brand":"Fazer","retailerFinancingPlanIds":[],"image":{"src":"https:\u002F\u002Fhandlaprivatkund.ica.se\u002Fimages-v3\u002Fbf7a00ca-390e-4769-865f-dc369586872e\u002F3e1dc74b-e2af-41a0-b29f-47e1c7b13c16\u002F300x300.jpg","description":"Chokladpraliner MjÃ¶lkchoklad 228g Fazer"},"images":[{"src":"https:\u002F\u002Fhandlaprivatkund.ica.se\u002Fimages-v3\u002Fbf7a00ca-390e-4769-865f-dc369586872e\u002F3e1dc74b-e2af-41a0-b29f-47e1c7b13c16\u002F500x500.jpg","description":"Chokladpraliner MjÃ¶lkchoklad 228g Fazer"}],"icons":{"certification":[]},"offers":[{"id":"d083941f-3930-4946-8cf4-d73d9888eeb1","retailerPromotionId":"5003019083-1699265412","description":"2 fÃ¶r 79 kr","type":"OFFER","presentationMode":"DEFAULT","requiredProductQuantity":2}],"offer":{"id":"d083941f-3930-4946-8cf4-d73d9888eeb1","description":"2 fÃ¶r 79 kr","type":"OFFER","retailerPromotionId":"5003019083-1699265412","requiredProductQuantity":2,"presentationMode":"DEFAULT"},"size":{"value":"0.228kg"},"featured":"false"},"2284e86d-e4d2-4b5e-bd92-92322554c835":{"productId":"2284e86d-e4d2-4b5e-bd92-92322554c835","retailerProductId":"2062568","name":"GrÃ¶na Kulor 250g Fazer","available":true,"maxQuantityReached":false,"imagePaths":["https:\u002F\u002Fhandlaprivatkund.ica.se\u002Fimages-v3\u002Fbf7a00ca-390e-4769-865f-dc369586872e\u002F8a1f9ca9-f251-4526-8d18-fe580805161a"],"alternatives":[],"price":{"current":{"amount":"49.95","currency":"SEK"},"unit":{"label":"fop.price.per.kg","current":{"amount":"199.80","currency":"SEK"}}},"isInCurrentCatalog":true,"isInProductList":false,"brand":"Fazer","retailerFinancingPlanIds":[],"image":{"src":"https:\u002F\u002Fhandlaprivatkund.ica.se\u002Fimages-v3\u002Fbf7a00ca-390e-4769-865f-dc369586872e\u002F8a1f9ca9-f251-4526-8d18-fe580805161a\u002F300x300.jpg","description":"GrÃ¶na Kulor 250g Fazer"},"images":[{"src":"https:\u002F\u002Fhandlaprivatkund.ica.se\u002Fimages-v3\u002Fbf7a00ca-390e-4769-865f-dc369586872e\u002F8a1f9ca9-f251-4526-8d18-fe580805161a\u002F500x500.jpg","description":"GrÃ¶na Kulor 250g Fazer"}],"icons":{"certification":[]},"offers":[{"id":"d083941f-3930-4946-8cf4-d73d9888eeb1","retailerPromotionId":"5003019083-1699265412","description":"2 fÃ¶r 79 kr","type":"OFFER","presentationMode":"DEFAULT","requiredProductQuantity":2}],"offer":{"id":"d083941f-3930-4946-8cf4-d73d9888eeb1","description":"2 fÃ¶r 79 kr","type":"OFFER","retailerPromotionId":"5003019083-1699265412","requiredProductQuantity":2,"presentationMode":"DEFAULT"},"size":{"value":"0.25kg"},"featured":"false"},"f671f192-12d4-4c7f-ace1-2abd78d80d76":{"productId":"f671f192-12d4-4c7f-ace1-2abd78d80d76","retailerProductId":"2062631","name":"Dumble Original 250g Fazer","available":true,"maxQuantityReached":false,"imagePaths":["https:\u002F\u002Fhandlaprivatkund.ica.se\u002Fimages-v3\u002Fbf7a00ca-390e-4769-865f-dc369586872e\u002F29d2df4f-6dfc-4e78-ba97-db3fe78969a7"],"alternatives":[],"price":{"current":{"amount":"49.95","currency":"SEK"},"unit":{"label":"fop.price.per.kg","current":{"amount":"199.80","currency":"SEK"}}},"isInCurrentCatalog":true,"isInProductList":false,"brand":"Fazer","retailerFinancingPlanIds":[],"image":{"src":"https:\u002F\u002Fhandlaprivatkund.ica.se\u002Fimages-v3\u002Fbf7a00ca-390e-4769-865f-dc369586872e\u002F29d2df4f-6dfc-4e78-ba97-db3fe78969a7\u002F300x300.jpg","description":"Dumble Original 250g Fazer"},"images":[{"src":"https:\u002F\u002Fhandlaprivatkund.ica.se\u002Fimages-v3\u002Fbf7a00ca-390e-4769-865f-dc369586872e\u002F29d2df4f-6dfc-4e78-ba97-db3fe78969a7\u002F500x500.jpg","description":"Dumble Original 250g Fazer"}],"icons":{"certification":[]},"offers":[{"id":"d083941f-3930-4946-8cf4-d73d9888eeb1","retailerPromotionId":"5003019083-1699265412","description":"2 fÃ¶r 79 kr","type":"OFFER","presentationMode":"DEFAULT","requiredProductQuantity":2}],"offer":{"id":"d083941f-3930-4946-8cf4-d73d9888eeb1","description":"2 fÃ¶r 79 kr","type":"OFFER","retailerPromotionId":"5003019083-1699265412","requiredProductQuantity":2,"presentationMode":"DEFAULT"},"size":{"value":"0.25kg"},"featured":"false"},"c01b83eb-b6b9-4ddb-92f5-b53732930f79":{"productId":"c01b83eb-b6b9-4ddb-92f5-b53732930f79","retailerProductId":"2117594","name":"MarzipanhjÃ¤rtan Orginal 84g Anthon Berg","available":true,"maxQuantityReached":false,"imagePaths":["https:\u002F\u002Fhandlaprivatkund.ica.se\u002Fimages-v3\u002Fbf7a00ca-390e-4769-865f-dc369586872e\u002F0c792314-558c-4cf5-96b6-2b7ccdc8008b"],"alternatives":[],"price":{"current":{"amount":"26.95","currency":"SEK"},"unit":{"label":"fop.price.per.kg","current":{"amount":"320.83","currency":"SEK"}}},"isInCurrentCatalog":true,"isInProductList":false,"brand":"Anthon Berg","retailerFinancingPlanIds":[],"image":{"src":"https:\u002F\u002Fhandlaprivatkund.ica.se\u002Fimages-v3\u002Fbf7a00ca-390e-4769-865f-dc369586872e\u002F0c792314-558c-4cf5-96b6-2b7ccdc8008b\u002F300x300.jpg","description":"MarzipanhjÃ¤rtan Orginal 84g Anthon Berg"},"images":[{"src":"https:\u002F\u002Fhandlaprivatkund.ica.se\u002Fimages-v3\u002Fbf7a00ca-390e-4769-865f-dc369586872e\u002F0c792314-558c-4cf5-96b6-2b7ccdc8008b\u002F500x500.jpg","description":"MarzipanhjÃ¤rtan Orginal 84g Anthon Berg"}],"icons":{"certification":[]},"offers":[{"id":"a711c692-d627-4dda-b36c-549dab56ef22","retailerPromotionId":"5003019087-1699881043","description":"2 fÃ¶r 35 kr","type":"OFFER","presentationMode":"DEFAULT","requiredProductQuantity":2}],"offer":{"id":"a711c692-d627-4dda-b36c-549dab56ef22","description":"2 fÃ¶r 35 kr","type":"OFFER","retailerPromotionId":"5003019087-1699881043","requiredProductQuantity":2,"presentationMode":"DEFAULT"},"size":{"value":"0.084kg"},"featured":"false"},"df2d2ed4-4e94-4ac1-8f25-616768b6d7dc":{"productId":"df2d2ed4-4e94-4ac1-8f25-616768b6d7dc","retailerProductId":"2062721","name":"Chokladpraliner Liqueur Fills 250g Fazer","available":true,"maxQuantityReached":false,"imagePaths":["https:\u002F\u002Fhandlaprivatkund.ica.se\u002Fimages-v3\u002Fbf7a00ca-390e-4769-865f-dc369586872e\u002Fef4ba99c-8126-4a1d-a0ca-631f02917971"],"alternatives":[],"price":{"current":{"amount":"49.95","currency":"SEK"},"unit":{"label":"fop.price.per.kg","current":{"amount":"199.80","currency":"SEK"}}},"isInCurrentCatalog":true,"isInProductList":false,"brand":"Fazer","retailerFinancingPlanIds":[],"image":{"src":"https:\u002F\u002Fhandlaprivatkund.ica.se\u002Fimages-v3\u002Fbf7a00ca-390e-4769-865f-dc369586872e\u002Fef4ba99c-8126-4a1d-a0ca-631f02917971\u002F300x300.jpg","description":"Chokladpraliner Liqueur Fills 250g Fazer"},"images":[{"src":"https:\u002F\u002Fhandlaprivatkund.ica.se\u002Fimages-v3\u002Fbf7a00ca-390e-4769-865f-dc369586872e\u002Fef4ba99c-8126-4a1d-a0ca-631f02917971\u002F500x500.jpg","description":"Chokladpraliner Liqueur Fills 250g Fazer"}],"icons":{"certification":[]},"offers":[{"id":"d083941f-3930-4946-8cf4-d73d9888eeb1","retailerPromotionId":"5003019083-1699265412","description":"2 fÃ¶r 79 kr","type":"OFFER","presentationMode":"DEFAULT","requiredProductQuantity":2}],"offer":{"id":"d083941f-3930-4946-8cf4-d73d9888eeb1","description":"2 fÃ¶r 79 kr","type":"OFFER","retailerPromotionId":"5003019083-1699265412","requiredProductQuantity":2,"presentationMode":"DEFAULT"},"size":{"value":"0.25kg"},"featured":"false"},"6a94bf27-dd0f-4e5e-a690-15ccb80c9684":{"productId":"6a94bf27-dd0f-4e5e-a690-15ccb80c9684","retailerProductId":"2117593","name":"MarsipanhjÃ¤rtan Nougat 84g Anthon Berg","available":true,"maxQuantityReached":false,"imagePaths":["https:\u002F\u002Fhandlaprivatkund.ica.se\u002Fimages-v3\u002Fbf7a00ca-390e-4769-865f-dc369586872e\u002F7ca6d720-c496-4518-bdfa-7bb3a22b7d1c"],"alternatives":[],"price":{"current":{"amount":"26.95","currency":"SEK"},"unit":{"label":"fop.price.per.kg","current":{"amount":"320.83","currency":"SEK"}}},"isInCurrentCatalog":true,"isInProductList":false,"brand":"Anthon Berg","retailerFinancingPlanIds":[],"image":{"src":"https:\u002F\u002Fhandlaprivatkund.ica.se\u002Fimages-v3\u002Fbf7a00ca-390e-4769-865f-dc369586872e\u002F7ca6d720-c496-4518-bdfa-7bb3a22b7d1c\u002F300x300.jpg","description":"MarsipanhjÃ¤rtan Nougat 84g Anthon Berg"},"images":[{"src":"https:\u002F\u002Fhandlaprivatkund.ica.se\u002Fimages-v3\u002Fbf7a00ca-390e-4769-865f-dc369586872e\u002F7ca6d720-c496-4518-bdfa-7bb3a22b7d1c\u002F500x500.jpg","description":"MarsipanhjÃ¤rtan Nougat 84g Anthon Berg"}],"icons":{"certification":[]},"offers":[{"id":"a711c692-d627-4dda-b36c-549dab56ef22","retailerPromotionId":"5003019087-1699881043","description":"2 fÃ¶r 35 kr","type":"OFFER","presentationMode":"DEFAULT","requiredProductQuantity":2}],"offer":{"id":"a711c692-d627-4dda-b36c-549dab56ef22","description":"2 fÃ¶r 35 kr","type":"OFFER","retailerPromotionId":"5003019087-1699881043","requiredProductQuantity":2,"presentationMode":"DEFAULT"},"size":{"value":"0.084kg"},"featured":"false"},"761084bf-3c54-46d0-b9db-b0dea0788304":{"productId":"761084bf-3c54-46d0-b9db-b0dea0788304","retailerProductId":"2062560","name":"Chokladpraliner Fazermint 228g Fazer","available":true,"maxQuantityReached":false,"imagePaths":["https:\u002F\u002Fhandlaprivatkund.ica.se\u002Fimages-v3\u002Fbf7a00ca-390e-4769-865f-dc369586872e\u002Fdb99aa3d-3869-4f8f-ba2c-fc8188b52433"],"alternatives":[],"price":{"current":{"amount":"49.95","currency":"SEK"},"unit":{"label":"fop.price.per.kg","current":{"amount":"219.08","currency":"SEK"}}},"isInCurrentCatalog":true,"isInProductList":false,"brand":"Fazer","retailerFinancingPlanIds":[],"image":{"src":"https:\u002F\u002Fhandlaprivatkund.ica.se\u002Fimages-v3\u002Fbf7a00ca-390e-4769-865f-dc369586872e\u002Fdb99aa3d-3869-4f8f-ba2c-fc8188b52433\u002F300x300.jpg","description":"Chokladpraliner Fazermint 228g Fazer"},"images":[{"src":"https:\u002F\u002Fhandlaprivatkund.ica.se\u002Fimages-v3\u002Fbf7a00ca-390e-4769-865f-dc369586872e\u002Fdb99aa3d-3869-4f8f-ba2c-fc8188b52433\u002F500x500.jpg","description":"Chokladpraliner Fazermint 228g Fazer"}],"icons":{"certification":[]},"offers":[{"id":"d083941f-3930-4946-8cf4-d73d9888eeb1","retailerPromotionId":"5003019083-1699265412","description":"2 fÃ¶r 79 kr","type":"OFFER","presentationMode":"DEFAULT","requiredProductQuantity":2}],"offer":{"id":"d083941f-3930-4946-8cf4-d73d9888eeb1","description":"2 fÃ¶r 79 kr","type":"OFFER","retailerPromotionId":"5003019083-1699265412","requiredProductQuantity":2,"presentationMode":"DEFAULT"},"size":{"value":"0.228kg"},"featured":"false"},"206690db-10be-49ca-bc3e-ffc0029859a5":{"productId":"206690db-10be-49ca-bc3e-ffc0029859a5","retailerProductId":"2084250","name":"Dumle Fudge Box 250g Fazer","available":true,"maxQuantityReached":false,"imagePaths":["https:\u002F\u002Fhandlaprivatkund.ica.se\u002Fimages-v3\u002Fbf7a00ca-390e-4769-865f-dc369586872e\u002Fd4e7de26-f2b4-460b-9364-8b43cd8ad740"],"alternatives":[],"price":{"current":{"amount":"49.95","currency":"SEK"},"unit":{"label":"fop.price.per.kg","current":{"amount":"199.80","currency":"SEK"}}},"isInCurrentCatalog":true,"isInProductList":false,"brand":"Fazer","retailerFinancingPlanIds":[],"image":{"src":"https:\u002F\u002Fhandlaprivatkund.ica.se\u002Fimages-v3\u002Fbf7a00ca-390e-4769-865f-dc369586872e\u002Fd4e7de26-f2b4-460b-9364-8b43cd8ad740\u002F300x300.jpg","description":"Dumle Fudge Box 250g Fazer"},"images":[{"src":"https:\u002F\u002Fhandlaprivatkund.ica.se\u002Fimages-v3\u002Fbf7a00ca-390e-4769-865f-dc369586872e\u002Fd4e7de26-f2b4-460b-9364-8b43cd8ad740\u002F500x500.jpg","description":"Dumle Fudge Box 250g Fazer"}],"icons":{"certification":[]},"offers":[{"id":"d083941f-3930-4946-8cf4-d73d9888eeb1","retailerPromotionId":"5003019083-1699265412","description":"2 fÃ¶r 79 kr","type":"OFFER","presentationMode":"DEFAULT","requiredProductQuantity":2}],"offer":{"id":"d083941f-3930-4946-8cf4-d73d9888eeb1","description":"2 fÃ¶r 79 kr","type":"OFFER","retailerPromotionId":"5003019083-1699265412","requiredProductQuantity":2,"presentationMode":"DEFAULT"},"size":{"value":"0.25kg"},"featured":"false"},"bbe2c18e-1d56-46f4-afb1-46b1721e3aff":{"productId":"bbe2c18e-1d56-46f4-afb1-46b1721e3aff","retailerProductId":"2117801","name":"Dumle Rocks box 250g Fazer","available":true,"maxQuantityReached":false,"imagePaths":["https:\u002F\u002Fhandlaprivatkund.ica.se\u002Fimages-v3\u002Fbf7a00ca-390e-4769-865f-dc369586872e\u002F5bfe8481-6b74-4b35-8cc5-6e658ceea323"],"alternatives":[],"price":{"current":{"amount":"49.95","currency":"SEK"},"unit":{"label":"fop.price.per.kg","current":{"amount":"199.80","currency":"SEK"}}},"isInCurrentCatalog":true,"isInProductList":false,"brand":"Fazer","retailerFinancingPlanIds":[],"image":{"src":"https:\u002F\u002Fhandlaprivatkund.ica.se\u002Fimages-v3\u002Fbf7a00ca-390e-4769-865f-dc369586872e\u002F5bfe8481-6b74-4b35-8cc5-6e658ceea323\u002F300x300.jpg","description":"Dumle Rocks box 250g Fazer"},"images":[{"src":"https:\u002F\u002Fhandlaprivatkund.ica.se\u002Fimages-v3\u002Fbf7a00ca-390e-4769-865f-dc369586872e\u002F5bfe8481-6b74-4b35-8cc5-6e658ceea323\u002F500x500.jpg","description":"Dumle Rocks box 250g Fazer"}],"icons":{"certification":[]},"offers":[{"id":"d083941f-3930-4946-8cf4-d73d9888eeb1","retailerPromotionId":"5003019083-1699265412","description":"2 fÃ¶r 79 kr","type":"OFFER","presentationMode":"DEFAULT","requiredProductQuantity":2}],"offer":{"id":"d083941f-3930-4946-8cf4-d73d9888eeb1","description":"2 fÃ¶r 79 kr","type":"OFFER","retailerPromotionId":"5003019083-1699265412","requiredProductQuantity":2,"presentationMode":"DEFAULT"},"size":{"value":"0.25kg"},"featured":"false"},"54d8d523-7201-4789-a0b4-85d869ba530e":{"productId":"54d8d523-7201-4789-a0b4-85d869ba530e","retailerProductId":"1487409","name":"Kexchoklad 60g Cloetta","available":true,"maxQuantityReached":false,"imagePaths":["https:\u002F\u002Fhandlaprivatkund.ica.se\u002Fimages-v3\u002Fbf7a00ca-390e-4769-865f-dc369586872e\u002F52b3f624-3559-4751-96d5-f45a8d158eee"],"alternatives":[],"price":{"current":{"amount":"8.95","currency":"SEK"},"unit":{"label":"fop.price.per.kg","current":{"amount":"149.17","currency":"SEK"}}},"isInCurrentCatalog":true,"isInProductList":false,"brand":"Cloetta","retailerFinancingPlanIds":[],"image":{"src":"https:\u002F\u002Fhandlaprivatkund.ica.se\u002Fimages-v3\u002Fbf7a00ca-390e-4769-865f-dc369586872e\u002F52b3f624-3559-4751-96d5-f45a8d158eee\u002F300x300.jpg","description":"Kexchoklad 60g Cloetta"},"images":[{"src":"https:\u002F\u002Fhandlaprivatkund.ica.se\u002Fimages-v3\u002Fbf7a00ca-390e-4769-865f-dc369586872e\u002F52b3f624-3559-4751-96d5-f45a8d158eee\u002F500x500.jpg","description":"Kexchoklad 60g Cloetta"}],"icons":{"certification":[]},"attributes":[{"icon":"rainforest-alliance","label":"Rainforest Alliance certifierad"}],"size":{"value":"0.06kg"},"featured":"false"},"c3f5553c-d4d5-46a1-a252-662a2af2bf1b":{"productId":"c3f5553c-d4d5-46a1-a252-662a2af2bf1b","retailerProductId":"2024157","name":"Choklad Dubbel nougat 43g Marabou","available":true,"maxQuantityReached":false,"imagePaths":["https:\u002F\u002Fhandlaprivatkund.ica.se\u002Fimages-v3\u002Fbf7a00ca-390e-4769-865f-dc369586872e\u002Ffbd689bf-8307-472a-9453-2631e3138cf4"],"alternatives":[],"price":{"current":{"amount":"9.95","currency":"SEK"},"unit":{"label":"fop.price.per.kg","current":{"amount":"231.40","currency":"SEK"}}},"isInCurrentCatalog":true,"isInProductList":false,"brand":"Marabou","retailerFinancingPlanIds":[],"image":{"src":"https:\u002F\u002Fhandlaprivatkund.ica.se\u002Fimages-v3\u002Fbf7a00ca-390e-4769-865f-dc369586872e\u002Ffbd689bf-8307-472a-9453-2631e3138cf4\u002F300x300.jpg","description":"Choklad Dubbel nougat 43g Marabou"},"images":[{"src":"https:\u002F\u002Fhandlaprivatkund.ica.se\u002Fimages-v3\u002Fbf7a00ca-390e-4769-865f-dc369586872e\u002Ffbd689bf-8307-472a-9453-2631e3138cf4\u002F500x500.jpg","description":"Choklad Dubbel nougat 43g Marabou"}],"icons":{"certification":[]},"size":{"value":"0.043kg"},"featured":"false"},"f8afaa0b-5006-4598-86de-84ebafda3429":{"productId":"f8afaa0b-5006-4598-86de-84ebafda3429","retailerProductId":"1004570","name":"Daim Dubbel 56g Marabou","available":true,"maxQuantityReached":false,"imagePaths":["https:\u002F\u002Fhandlaprivatkund.ica.se\u002Fimages-v3\u002Fbf7a00ca-390e-4769-865f-dc369586872e\u002F333db978-658c-4a06-b890-0e84560a3061"],"alternatives":[],"price":{"current":{"amount":"9.95","currency":"SEK"},"unit":{"label":"fop.price.per.kg","current":{"amount":"177.68","currency":"SEK"}}},"isInCurrentCatalog":true,"isInProductList":false,"brand":"Daim","retailerFinancingPlanIds":[],"image":{"src":"https:\u002F\u002Fhandlaprivatkund.ica.se\u002Fimages-v3\u002Fbf7a00ca-390e-4769-865f-dc369586872e\u002F333db978-658c-4a06-b890-0e84560a3061\u002F300x300.jpg","description":"Daim Dubbel 56g Marabou"},"images":[{"src":"https:\u002F\u002Fhandlaprivatkund.ica.se\u002Fimages-v3\u002Fbf7a00ca-390e-4769-865f-dc369586872e\u002F333db978-658c-4a06-b890-0e84560a3061\u002F500x500.jpg","description":"Daim Dubbel 56g Marabou"}],"icons":{"certification":[]},"size":{"value":"0.056kg"},"featured":"false"},"63254719-6a30-4efd-83bd-8c6c4ec00b2b":{"productId":"63254719-6a30-4efd-83bd-8c6c4ec00b2b","retailerProductId":"1001453","name":"Japp Dubbel 60g Marabou","available":true,"maxQuantityReached":false,"imagePaths":["https:\u002F\u002Fhandlaprivatkund.ica.se\u002Fimages-v3\u002Fbf7a00ca-390e-4769-865f-dc369586872e\u002Fa346ddd2-420c-419e-828c-c8d0b99e8dc8"],"alternatives":[],"price":{"current":{"amount":"9.95","currency":"SEK"},"unit":{"label":"fop.price.per.kg","current":{"amount":"165.83","currency":"SEK"}}},"isInCurrentCatalog":true,"isInProductList":false,"brand":"Marabou","retailerFinancingPlanIds":[],"image":{"src":"https:\u002F\u002Fhandlaprivatkund.ica.se\u002Fimages-v3\u002Fbf7a00ca-390e-4769-865f-dc369586872e\u002Fa346ddd2-420c-419e-828c-c8d0b99e8dc8\u002F300x300.jpg","description":"Japp Dubbel 60g Marabou"},"images":[{"src":"https:\u002F\u002Fhandlaprivatkund.ica.se\u002Fimages-v3\u002Fbf7a00ca-390e-4769-865f-dc369586872e\u002Fa346ddd2-420c-419e-828c-c8d0b99e8dc8\u002F500x500.jpg","description":"Japp Dubbel 60g Marabou"}],"icons":{"certification":[]},"size":{"value":"0.06kg"},"featured":"false"},"6e4bbcd7-f5d8-4a94-a35c-4750387a0380":{"productId":"6e4bbcd7-f5d8-4a94-a35c-4750387a0380","retailerProductId":"1403789","name":"Kexchoklad mini 156g Cloetta","available":true,"maxQuantityReached":false,"imagePaths":["https:\u002F\u002Fhandlaprivatkund.ica.se\u002Fimages-v3\u002Fbf7a00ca-390e-4769-865f-dc369586872e\u002F83aa15bc-f537-4afc-af1f-a2e30c4a6850"],"alternatives":[],"price":{"current":{"amount":"20.95","currency":"SEK"},"unit":{"label":"fop.price.per.kg","current":{"amount":"134.29","currency":"SEK"}}},"isInCurrentCatalog":true,"isInProductList":false,"brand":"Cloetta","retailerFinancingPlanIds":[],"image":{"src":"https:\u002F\u002Fhandlaprivatkund.ica.se\u002Fimages-v3\u002Fbf7a00ca-390e-4769-865f-dc369586872e\u002F83aa15bc-f537-4afc-af1f-a2e30c4a6850\u002F300x300.jpg","description":"Kexchoklad mini 156g Cloetta"},"images":[{"src":"https:\u002F\u002Fhandlaprivatkund.ica.se\u002Fimages-v3\u002Fbf7a00ca-390e-4769-865f-dc369586872e\u002F83aa15bc-f537-4afc-af1f-a2e30c4a6850\u002F500x500.jpg","description":"Kexchoklad mini 156g Cloetta"}],"icons":{"certification":[]},"attributes":[{"icon":"rainforest-alliance","label":"Rainforest Alliance certifierad"}],"size":{"value":"0.156kg"},"featured":"false"},"65854677-3121-4fda-ade7-4000545bbed0":{"productId":"65854677-3121-4fda-ade7-4000545bbed0","retailerProductId":"2033664","name":"Chokladkaka MjÃ¶lkchoklad 145g Fazer","available":true,"maxQuantityReached":false,"imagePaths":["https:\u002F\u002Fhandlaprivatkund.ica.se\u002Fimages-v3\u002Fbf7a00ca-390e-4769-865f-dc369586872e\u002F522be586-2935-4470-8f76-009529f40ecf"],"alternatives":[],"price":{"current":{"amount":"21.95","currency":"SEK"},"unit":{"label":"fop.price.per.kg","current":{"amount":"151.38","currency":"SEK"}}},"isInCurrentCatalog":true,"isInProductList":false,"brand":"Fazer","retailerFinancingPlanIds":[],"image":{"src":"https:\u002F\u002Fhandlaprivatkund.ica.se\u002Fimages-v3\u002Fbf7a00ca-390e-4769-865f-dc369586872e\u002F522be586-2935-4470-8f76-009529f40ecf\u002F300x300.jpg","description":"Chokladkaka MjÃ¶lkchoklad 145g Fazer"},"images":[{"src":"https:\u002F\u002Fhandlaprivatkund.ica.se\u002Fimages-v3\u002Fbf7a00ca-390e-4769-865f-dc369586872e\u002F522be586-2935-4470-8f76-009529f40ecf\u002F500x500.jpg","description":"Chokladkaka MjÃ¶lkchoklad 145g Fazer"}],"icons":{"certification":[]},"size":{"value":"0.145kg"},"featured":"false"},"abfe6cb1-9392-409b-8e8e-b2ac93ea82b7":{"productId":"abfe6cb1-9392-409b-8e8e-b2ac93ea82b7","retailerProductId":"1348653","name":"Chokladkaka EXCELLENCE Havssalt MÃ¶rk Choklad 100g Lindt","available":true,"maxQuantityReached":false,"imagePaths":["https:\u002F\u002Fhandlaprivatkund.ica.se\u002Fimages-v3\u002Fbf7a00ca-390e-4769-865f-dc369586872e\u002F797eea2c-4904-484b-9764-3f6a161bc253"],"alternatives":[],"price":{"current":{"amount":"30.95","currency":"SEK"},"unit":{"label":"fop.price.per.kg","current":{"amount":"309.50","currency":"SEK"}}},"isInCurrentCatalog":true,"isInProductList":false,"brand":"Lindt","retailerFinancingPlanIds":[],"image":{"src":"https:\u002F\u002Fhandlaprivatkund.ica.se\u002Fimages-v3\u002Fbf7a00ca-390e-4769-865f-dc369586872e\u002F797eea2c-4904-484b-9764-3f6a161bc253\u002F300x300.jpg","description":"Chokladkaka EXCELLENCE Havssalt MÃ¶rk Choklad 100g Lindt"},"images":[{"src":"https:\u002F\u002Fhandlaprivatkund.ica.se\u002Fimages-v3\u002Fbf7a00ca-390e-4769-865f-dc369586872e\u002F797eea2c-4904-484b-9764-3f6a161bc253\u002F500x500.jpg","description":"Chokladkaka EXCELLENCE Havssalt MÃ¶rk Choklad 100g Lindt"}],"icons":{"certification":[]},"size":{"value":"0.1kg"},"featured":"false"},"7550aba4-b1d8-447c-8567-66cf2afcb070":{"productId":"7550aba4-b1d8-447c-8567-66cf2afcb070","retailerProductId":"1001678","name":"Toblerone 50g Marabou","available":true,"maxQuantityReached":false,"imagePaths":["https:\u002F\u002Fhandlaprivatkund.ica.se\u002Fimages-v3\u002Fbf7a00ca-390e-4769-865f-dc369586872e\u002F3460da33-b245-405d-9538-39aa56f14dca"],"alternatives":[],"price":{"current":{"amount":"9.95","currency":"SEK"},"unit":{"label":"fop.price.per.kg","current":{"amount":"199.00","currency":"SEK"}}},"isInCurrentCatalog":true,"isInProductList":false,"brand":"Toblerone","retailerFinancingPlanIds":[],"image":{"src":"https:\u002F\u002Fhandlaprivatkund.ica.se\u002Fimages-v3\u002Fbf7a00ca-390e-4769-865f-dc369586872e\u002F3460da33-b245-405d-9538-39aa56f14dca\u002F300x300.jpg","description":"Toblerone 50g Marabou"},"images":[{"src":"https:\u002F\u002Fhandlaprivatkund.ica.se\u002Fimages-v3\u002Fbf7a00ca-390e-4769-865f-dc369586872e\u002F3460da33-b245-405d-9538-39aa56f14dca\u002F500x500.jpg","description":"Toblerone 50g Marabou"}],"icons":{"certification":[]},"size":{"value":"0.05kg"},"featured":"false"},"26ed111f-645a-49fd-8398-4549cfc0b947":{"productId":"26ed111f-645a-49fd-8398-4549cfc0b947","retailerProductId":"1403795","name":"Choklad Polly Original BlÃ¥ 200g Cloetta","available":true,"maxQuantityReached":false,"imagePaths":["https:\u002F\u002Fhandlaprivatkund.ica.se\u002Fimages-v3\u002Fbf7a00ca-390e-4769-865f-dc369586872e\u002Fc31b8271-9046-4301-af2a-28fb2127c3bc"],"alternatives":[],"price":{"current":{"amount":"26.95","currency":"SEK"},"unit":{"label":"fop.price.per.kg","current":{"amount":"134.75","currency":"SEK"}}},"isInCurrentCatalog":true,"isInProductList":false,"brand":"Cloetta","retailerFinancingPlanIds":[],"image":{"src":"https:\u002F\u002Fhandlaprivatkund.ica.se\u002Fimages-v3\u002Fbf7a00ca-390e-4769-865f-dc369586872e\u002Fc31b8271-9046-4301-af2a-28fb2127c3bc\u002F300x300.jpg","description":"Choklad Polly Original BlÃ¥ 200g Cloetta"},"images":[{"src":"https:\u002F\u002Fhandlaprivatkund.ica.se\u002Fimages-v3\u002Fbf7a00ca-390e-4769-865f-dc369586872e\u002Fc31b8271-9046-4301-af2a-28fb2127c3bc\u002F500x500.jpg","description":"Choklad Polly Original BlÃ¥ 200g Cloetta"}],"icons":{"certification":[]},"attributes":[{"icon":"rainforest-alliance","label":"Rainforest Alliance certifierad"}],"size":{"value":"0.2kg"},"featured":"false"},"caa99a13-aa5c-42e0-b541-7ad0dd5f0a25":{"productId":"caa99a13-aa5c-42e0-b541-7ad0dd5f0a25","retailerProductId":"2117800","name":"Dumle Original 200g Fazer","available":true,"maxQuantityReached":false,"imagePaths":["https:\u002F\u002Fhandlaprivatkund.ica.se\u002Fimages-v3\u002Fbf7a00ca-390e-4769-865f-dc369586872e\u002Ff954099f-ffe9-4e77-9697-d49909520d1d"],"alternatives":[],"price":{"current":{"amount":"28.95","currency":"SEK"},"unit":{"label":"fop.price.per.kg","current":{"amount":"144.75","currency":"SEK"}}},"isInCurrentCatalog":true,"isInProductList":false,"brand":"Fazer","retailerFinancingPlanIds":[],"image":{"src":"https:\u002F\u002Fhandlaprivatkund.ica.se\u002Fimages-v3\u002Fbf7a00ca-390e-4769-865f-dc369586872e\u002Ff954099f-ffe9-4e77-9697-d49909520d1d\u002F300x300.jpg","description":"Dumle Original 200g Fazer"},"images":[{"src":"https:\u002F\u002Fhandlaprivatkund.ica.se\u002Fimages-v3\u002Fbf7a00ca-390e-4769-865f-dc369586872e\u002Ff954099f-ffe9-4e77-9697-d49909520d1d\u002F500x500.jpg","description":"Dumle Original 200g Fazer"}],"icons":{"certification":[]},"size":{"value":"0.2kg"},"featured":"false"},"167adda7-120e-498a-b71f-3e6ecb686eb8":{"productId":"167adda7-120e-498a-b71f-3e6ecb686eb8","retailerProductId":"1448505","name":"Choklad Snickers 50g","available":true,"maxQuantityReached":false,"imagePaths":["https:\u002F\u002Fhandlaprivatkund.ica.se\u002Fimages-v3\u002Fbf7a00ca-390e-4769-865f-dc369586872e\u002F583d46cb-57b1-4463-acd7-6f9c54a9d7f0"],"alternatives":[],"price":{"current":{"amount":"8.95","currency":"SEK"},"unit":{"label":"fop.price.per.kg","current":{"amount":"179.00","currency":"SEK"}}},"isInCurrentCatalog":true,"isInProductList":false,"brand":"Snickers","retailerFinancingPlanIds":[],"image":{"src":"https:\u002F\u002Fhandlaprivatkund.ica.se\u002Fimages-v3\u002Fbf7a00ca-390e-4769-865f-dc369586872e\u002F583d46cb-57b1-4463-acd7-6f9c54a9d7f0\u002F300x300.jpg","description":"Choklad Snickers 50g"},"images":[{"src":"https:\u002F\u002Fhandlaprivatkund.ica.se\u002Fimages-v3\u002Fbf7a00ca-390e-4769-865f-dc369586872e\u002F583d46cb-57b1-4463-acd7-6f9c54a9d7f0\u002F500x500.jpg","description":"Choklad Snickers 50g"}],"icons":{"certification":[]},"size":{"value":"0.05kg"},"featured":"false"},"818b9192-bf68-46d7-b43c-f32662b83ce3":{"productId":"818b9192-bf68-46d7-b43c-f32662b83ce3","retailerProductId":"1001839","name":"Choklad Plopp mini pÃ¥se 158g Cloetta","available":true,"maxQuantityReached":false,"imagePaths":["https:\u002F\u002Fhandlaprivatkund.ica.se\u002Fimages-v3\u002Fbf7a00ca-390e-4769-865f-dc369586872e\u002Ffc28c227-2125-4c7d-88b0-3721df2b09b3"],"alternatives":[],"price":{"current":{"amount":"21.95","currency":"SEK"},"unit":{"label":"fop.price.per.kg","current":{"amount":"138.92","currency":"SEK"}}},"isInCurrentCatalog":true,"isInProductList":false,"brand":"Cloetta","retailerFinancingPlanIds":[],"image":{"src":"https:\u002F\u002Fhandlaprivatkund.ica.se\u002Fimages-v3\u002Fbf7a00ca-390e-4769-865f-dc369586872e\u002Ffc28c227-2125-4c7d-88b0-3721df2b09b3\u002F300x300.jpg","description":"Choklad Plopp mini pÃ¥se 158g Cloetta"},"images":[{"src":"https:\u002F\u002Fhandlaprivatkund.ica.se\u002Fimages-v3\u002Fbf7a00ca-390e-4769-865f-dc369586872e\u002Ffc28c227-2125-4c7d-88b0-3721df2b09b3\u002F500x500.jpg","description":"Choklad Plopp mini pÃ¥se 158g Cloetta"}],"icons":{"certification":[]},"attributes":[{"icon":"rainforest-alliance","label":"Rainforest Alliance certifierad"}],"size":{"value":"0.158kg"},"featured":"false"},"7181f04d-5b11-4cc9-a3f3-3fda037823dc":{"productId":"7181f04d-5b11-4cc9-a3f3-3fda037823dc","retailerProductId":"1004569","name":"Fransk Nougat Dubbel 46g Marabou","available":true,"maxQuantityReached":false,"imagePaths":["https:\u002F\u002Fhandlaprivatkund.ica.se\u002Fimages-v3\u002Fbf7a00ca-390e-4769-865f-dc369586872e\u002F0e11e190-e0b2-4399-9455-bc4e6c7b2ec1"],"alternatives":[],"price":{"current":{"amount":"9.95","currency":"SEK"},"unit":{"label":"fop.price.per.kg","current":{"amount":"216.30","currency":"SEK"}}},"isInCurrentCatalog":true,"isInProductList":false,"brand":"Marabou","retailerFinancingPlanIds":[],"image":{"src":"https:\u002F\u002Fhandlaprivatkund.ica.se\u002Fimages-v3\u002Fbf7a00ca-390e-4769-865f-dc369586872e\u002F0e11e190-e0b2-4399-9455-bc4e6c7b2ec1\u002F300x300.jpg","description":"Fransk Nougat Dubbel 46g Marabou"},"images":[{"src":"https:\u002F\u002Fhandlaprivatkund.ica.se\u002Fimages-v3\u002Fbf7a00ca-390e-4769-865f-dc369586872e\u002F0e11e190-e0b2-4399-9455-bc4e6c7b2ec1\u002F500x500.jpg","description":"Fransk Nougat Dubbel 46g Marabou"}],"icons":{"certification":[]},"size":{"value":"0.046kg"},"featured":"false"},"841eaa14-ff93-46e1-8866-3510f8b15184":{"productId":"841eaa14-ff93-46e1-8866-3510f8b15184","retailerProductId":"1006875","name":"Noblesse Original crisp 150g Marabou","available":true,"maxQuantityReached":false,"imagePaths":["https:\u002F\u002Fhandlaprivatkund.ica.se\u002Fimages-v3\u002Fbf7a00ca-390e-4769-865f-dc369586872e\u002F72abe1cb-1657-4ba6-9a13-f2b6a7368d93"],"alternatives":[],"price":{"current":{"amount":"39.95","currency":"SEK"},"unit":{"label":"fop.price.per.kg","current":{"amount":"266.33","currency":"SEK"}}},"isInCurrentCatalog":true,"isInProductList":false,"brand":"Marabou","retailerFinancingPlanIds":[],"image":{"src":"https:\u002F\u002Fhandlaprivatkund.ica.se\u002Fimages-v3\u002Fbf7a00ca-390e-4769-865f-dc369586872e\u002F72abe1cb-1657-4ba6-9a13-f2b6a7368d93\u002F300x300.jpg","description":"Noblesse Original crisp 150g Marabou"},"images":[{"src":"https:\u002F\u002Fhandlaprivatkund.ica.se\u002Fimages-v3\u002Fbf7a00ca-390e-4769-865f-dc369586872e\u002F72abe1cb-1657-4ba6-9a13-f2b6a7368d93\u002F500x500.jpg","description":"Noblesse Original crisp 150g Marabou"}],"icons":{"certification":[]},"size":{"value":"0.15kg"},"featured":"false"},"c3e50abb-b612-4361-838c-024baf7a41a1":{"productId":"c3e50abb-b612-4361-838c-024baf7a41a1","retailerProductId":"1403798","name":"Choklad Polly RÃ¶d 200g Cloetta","available":true,"maxQuantityReached":false,"imagePaths":["https:\u002F\u002Fhandlaprivatkund.ica.se\u002Fimages-v3\u002Fbf7a00ca-390e-4769-865f-dc369586872e\u002F0f052fff-8861-4284-bacc-fc17eaac7a9f"],"alternatives":[],"price":{"current":{"amount":"26.95","currency":"SEK"},"unit":{"label":"fop.price.per.kg","current":{"amount":"134.75","currency":"SEK"}}},"isInCurrentCatalog":true,"isInProductList":false,"brand":"Cloetta","retailerFinancingPlanIds":[],"image":{"src":"https:\u002F\u002Fhandlaprivatkund.ica.se\u002Fimages-v3\u002Fbf7a00ca-390e-4769-865f-dc369586872e\u002F0f052fff-8861-4284-bacc-fc17eaac7a9f\u002F300x300.jpg","description":"Choklad Polly RÃ¶d 200g Cloetta"},"images":[{"src":"https:\u002F\u002Fhandlaprivatkund.ica.se\u002Fimages-v3\u002Fbf7a00ca-390e-4769-865f-dc369586872e\u002F0f052fff-8861-4284-bacc-fc17eaac7a9f\u002F500x500.jpg","description":"Choklad Polly RÃ¶d 200g Cloetta"}],"icons":{"certification":[]},"attributes":[{"icon":"rainforest-alliance","label":"Rainforest Alliance certifierad"}],"size":{"value":"0.2kg"},"featured":"false"},"e6a6f52e-58fe-485c-a873-1ad9dc85be12":{"productId":"e6a6f52e-58fe-485c-a873-1ad9dc85be12","retailerProductId":"1448511","name":"Choklad Twix 50g","available":true,"maxQuantityReached":false,"imagePaths":["https:\u002F\u002Fhandlaprivatkund.ica.se\u002Fimages-v3\u002Fbf7a00ca-390e-4769-865f-dc369586872e\u002F69e3b45b-6c33-43fb-9f6c-c58e2ad3501e"],"alternatives":[],"price":{"current":{"amount":"8.95","currency":"SEK"},"unit":{"label":"fop.price.per.kg","current":{"amount":"179.00","currency":"SEK"}}},"isInCurrentCatalog":true,"isInProductList":false,"brand":"Twix","retailerFinancingPlanIds":[],"image":{"src":"https:\u002F\u002Fhandlaprivatkund.ica.se\u002Fimages-v3\u002Fbf7a00ca-390e-4769-865f-dc369586872e\u002F69e3b45b-6c33-43fb-9f6c-c58e2ad3501e\u002F300x300.jpg","description":"Choklad Twix 50g"},"images":[{"src":"https:\u002F\u002Fhandlaprivatkund.ica.se\u002Fimages-v3\u002Fbf7a00ca-390e-4769-865f-dc369586872e\u002F69e3b45b-6c33-43fb-9f6c-c58e2ad3501e\u002F500x500.jpg","description":"Choklad Twix 50g"}],"icons":{"certification":[]},"size":{"value":"0.05kg"},"featured":"false"},"ad64d38b-cf34-4afc-a289-15291153f450":{"productId":"ad64d38b-cf34-4afc-a289-15291153f450","retailerProductId":"1002493","name":"Chokladkaka EXCELLENCE 70% Kakao MÃ¶rk Choklad 100g Lindt","available":true,"maxQuantityReached":false,"imagePaths":["https:\u002F\u002Fhandlaprivatkund.ica.se\u002Fimages-v3\u002Fbf7a00ca-390e-4769-865f-dc369586872e\u002F2510a2e6-582d-436a-8f93-c5da410b061b"],"alternatives":[],"price":{"current":{"amount":"30.95","currency":"SEK"},"unit":{"label":"fop.price.per.kg","current":{"amount":"309.50","currency":"SEK"}}},"isInCurrentCatalog":true,"isInProductList":false,"brand":"Lindt","retailerFinancingPlanIds":[],"image":{"src":"https:\u002F\u002Fhandlaprivatkund.ica.se\u002Fimages-v3\u002Fbf7a00ca-390e-4769-865f-dc369586872e\u002F2510a2e6-582d-436a-8f93-c5da410b061b\u002F300x300.jpg","description":"Chokladkaka EXCELLENCE 70% Kakao MÃ¶rk Choklad 100g Lindt"},"images":[{"src":"https:\u002F\u002Fhandlaprivatkund.ica.se\u002Fimages-v3\u002Fbf7a00ca-390e-4769-865f-dc369586872e\u002F2510a2e6-582d-436a-8f93-c5da410b061b\u002F500x500.jpg","description":"Chokladkaka EXCELLENCE 70% Kakao MÃ¶rk Choklad 100g Lindt"}],"icons":{"certification":[]},"size":{"value":"0.1kg"},"featured":"false"},"170f332e-bd34-4282-8435-1407ae03e83e":{"productId":"170f332e-bd34-4282-8435-1407ae03e83e","retailerProductId":"1432567","name":"Non stop 225g Marabou","available":true,"maxQuantityReached":false,"imagePaths":["https:\u002F\u002Fhandlaprivatkund.ica.se\u002Fimages-v3\u002Fbf7a00ca-390e-4769-865f-dc369586872e\u002F39da0a8d-baec-4ecb-9273-69d9a6efb431"],"alternatives":[],"price":{"current":{"amount":"36.95","currency":"SEK"},"unit":{"label":"fop.price.per.kg","current":{"amount":"164.22","currency":"SEK"}}},"isInCurrentCatalog":true,"isInProductList":false,"brand":"Marabou","retailerFinancingPlanIds":[],"image":{"src":"https:\u002F\u002Fhandlaprivatkund.ica.se\u002Fimages-v3\u002Fbf7a00ca-390e-4769-865f-dc369586872e\u002F39da0a8d-baec-4ecb-9273-69d9a6efb431\u002F300x300.jpg","description":"Non stop 225g Marabou"},"images":[{"src":"https:\u002F\u002Fhandlaprivatkund.ica.se\u002Fimages-v3\u002Fbf7a00ca-390e-4769-865f-dc369586872e\u002F39da0a8d-baec-4ecb-9273-69d9a6efb431\u002F500x500.jpg","description":"Non stop 225g Marabou"}],"icons":{"certification":[]},"size":{"value":"0.225kg"},"featured":"false"},"11895325-19d1-4e37-bfcd-e9ddeea70037":{"productId":"11895325-19d1-4e37-bfcd-e9ddeea70037","retailerProductId":"2033649","name":"Chokladkaka Geisha 121g Fazer","available":true,"maxQuantityReached":false,"imagePaths":["https:\u002F\u002Fhandlaprivatkund.ica.se\u002Fimages-v3\u002Fbf7a00ca-390e-4769-865f-dc369586872e\u002F825a6212-20ca-4fff-b643-3b3a5c8a9585"],"alternatives":[],"price":{"current":{"amount":"21.95","currency":"SEK"},"unit":{"label":"fop.price.per.kg","current":{"amount":"181.40","currency":"SEK"}}},"isInCurrentCatalog":true,"isInProductList":false,"brand":"Fazer","retailerFinancingPlanIds":[],"image":{"src":"https:\u002F\u002Fhandlaprivatkund.ica.se\u002Fimages-v3\u002Fbf7a00ca-390e-4769-865f-dc369586872e\u002F825a6212-20ca-4fff-b643-3b3a5c8a9585\u002F300x300.jpg","description":"Chokladkaka Geisha 121g Fazer"},"images":[{"src":"https:\u002F\u002Fhandlaprivatkund.ica.se\u002Fimages-v3\u002Fbf7a00ca-390e-4769-865f-dc369586872e\u002F825a6212-20ca-4fff-b643-3b3a5c8a9585\u002F500x500.jpg","description":"Chokladkaka Geisha 121g Fazer"}],"icons":{"certification":[]},"size":{"value":"0.121kg"},"featured":"false"},"5d979743-bb75-4c09-a7bb-255f1a2b4a74":{"productId":"5d979743-bb75-4c09-a7bb-255f1a2b4a74","retailerProductId":"1005080","name":"Choklad Co-Co Dubbel 60g Marabou","available":true,"maxQuantityReached":false,"imagePaths":["https:\u002F\u002Fhandlaprivatkund.ica.se\u002Fimages-v3\u002Fbf7a00ca-390e-4769-865f-dc369586872e\u002Fb9dcb0c1-e20d-451e-92a4-d365584d8c1a"],"alternatives":[],"price":{"current":{"amount":"9.95","currency":"SEK"},"unit":{"label":"fop.price.per.kg","current":{"amount":"165.83","currency":"SEK"}}},"isInCurrentCatalog":true,"isInProductList":false,"brand":"Marabou","retailerFinancingPlanIds":[],"image":{"src":"https:\u002F\u002Fhandlaprivatkund.ica.se\u002Fimages-v3\u002Fbf7a00ca-390e-4769-865f-dc369586872e\u002Fb9dcb0c1-e20d-451e-92a4-d365584d8c1a\u002F300x300.jpg","description":"Choklad Co-Co Dubbel 60g Marabou"},"images":[{"src":"https:\u002F\u002Fhandlaprivatkund.ica.se\u002Fimages-v3\u002Fbf7a00ca-390e-4769-865f-dc369586872e\u002Fb9dcb0c1-e20d-451e-92a4-d365584d8c1a\u002F500x500.jpg","description":"Choklad Co-Co Dubbel 60g Marabou"}],"icons":{"certification":[]},"size":{"value":"0.06kg"},"featured":"false"}},"missedPromotions":[{"promoId":"a711c692-d627-4dda-b36c-549dab56ef22","retailerPromotionId":"5003019087-1699881043","countBy":"ALL_PRODUCTS","counters":[{"productIds":["c01b83eb-b6b9-4ddb-92f5-b53732930f79","9f162a80-fda6-4994-8035-703a80cb33c8","6a94bf27-dd0f-4e5e-a690-15ccb80c9684"],"requiredProductQuantity":2}]},{"promoId":"eda2a794-4832-47f0-a177-853fc7162841","retailerPromotionId":"5003037309-1699625173","countBy":"ALL_PRODUCTS","counters":[{"productIds":["2b34e865-d920-41b8-bb09-e1de5fefdb08","f4442de4-e143-4f43-bfda-45c4c7090842","37af592f-f45d-4211-a871-b28c016a454e","ac146ba5-0681-4f38-9476-2e641c7a7643","532a14d4-84c3-4685-8dab-678d7daa147d","98041aab-90bf-4d9c-955d-4f6995c2121c","b1ff9504-50d9-4f65-b93b-10185d69e602","49c3451e-2c0b-4da8-a0e0-8c3d72b48931","ef1c2c59-3fcb-4beb-9478-598e394472e7","5aa155d1-c578-4fd4-b4e5-cbd80c13372f","7be90680-a02f-4b99-a197-5aad58368203","c75de3ca-4feb-4d1a-b150-d9d791f9454d","542dc3f9-0f46-4719-914b-11dbf7edbf87","2beded28-a858-4a5e-a7ab-520356fa639d","0630f86f-bcac-4573-a43c-aaa13d479813","b4f91429-54bf-4846-bc9e-7d955b19b310","d05e1e70-ae8c-4fc8-bf25-d6c704402070","128a80c2-e57d-48f6-9482-a95c2e145df7"],"requiredProductQuantity":2}]},{"promoId":"d083941f-3930-4946-8cf4-d73d9888eeb1","retailerPromotionId":"5003019083-1699265412","countBy":"ALL_PRODUCTS","counters":[{"productIds":["2284e86d-e4d2-4b5e-bd92-92322554c835","761084bf-3c54-46d0-b9db-b0dea0788304","df2d2ed4-4e94-4ac1-8f25-616768b6d7dc","bbe2c18e-1d56-46f4-afb1-46b1721e3aff","36366e7a-f4b1-4d3e-b4f7-b01fa2907df9","f671f192-12d4-4c7f-ace1-2abd78d80d76","206690db-10be-49ca-bc3e-ffc0029859a5","4e5385b1-a3ba-47cf-b77f-f3f959a5b1e6"],"requiredProductQuantity":2}]}]},"bop":{"details":{"isFetching":false,"fetchError":false,"didInvalidate":false,"lastUpdated":null},"reviews":{"isFetching":false,"fetchError":false,"didInvalidate":false,"lastUpdated":null},"recommendations":{"similar":{"isFetching":false,"fetchError":false,"didInvalidate":false,"lastUpdated":null},"related":{"isFetching":false,"fetchError":false,"didInvalidate":false,"lastUpdated":null}}},"retailer":{"addressFields":{"isFetching":false,"fetchError":false,"didInvalidate":false,"lastUpdated":null,"formSection":{"title":"","fields":[]}},"retailerConfig":{"timezone":"Europe\u002FStockholm","languages":["sv-SE"],"currency":"SEK"}},"loyaltySettings":{"isFetching":false,"fetchError":false,"didInvalidate":false,"lastUpdated":null},"settings":{"isFetching":false,"fetchError":false,"didInvalidate":false,"lastUpdated":1701346988506,"data":{"age-restricted-products-confirmation-age":"18","preferences-management-link":"https:\u002F\u002Fwww.ica.se\u002Fmitt-konto\u002F#\u002Futskick-fran-ica","productlist-max-list-item-count":"300","productlist-chars-allowed":"^[\\ -;=?-Z\\^-z~\\u00A2-\\u00A5\\u00AA\\u00B2\\u00B3\\u00B5\\u00B7-\\u00BA\\u00BC-\\u00BE\\u00C0-\\u00D6\\u00D8-\\u00F6\\u00F8-\\u02C1\\u02C6-\\u02D1\\u02E0-\\u02E4\\u02EC\\u02EE\\u0300-\\u0374\\u0376\\u0377\\u037A-\\u037D\\u037F\\u0386\\u0388-\\u038A\\u038C\\u038E-\\u03A1\\u03A3-\\u03F5\\u03F7-\\u0481\\u0483-\\u052F\\u0531-\\u0556\\u0559\\u0560-\\u0588\\u058F\\u0591-\\u05BD\\u05BF\\u05C1\\u05C2\\u05C4\\u05C5\\u05C7\\u05D0-\\u05EA\\u05EF-\\u05F2\\u060B\\u0610-\\u061A\\u0620-\\u0669\\u066E-\\u06D3\\u06D5-\\u06DC\\u06DF-\\u06E8\\u06EA-\\u06FC\\u06FF\\u0710-\\u074A\\u074D-\\u07B1\\u07C0-\\u07F5\\u07FA\\u07FD-\\u082D\\u0840-\\u085B\\u0860-\\u086A\\u08A0-\\u08B4\\u08B6-\\u08C7\\u08D3-\\u08E1\\u08E3-\\u0963\\u0966-\\u096F\\u0971-\\u0983\\u0985-\\u098C\\u098F\\u0990\\u0993-\\u09A8\\u09AA-\\u09B0\\u09B2\\u09B6-\\u09B9\\u09BC-\\u09C4\\u09C7\\u09C8\\u09CB-\\u09CE\\u09D7\\u09DC\\u09DD\\u09DF-\\u09E3\\u09E6-\\u09F9\\u09FB\\u09FC\\u09FE\\u0A01-\\u0A03\\u0A05-\\u0A0A\\u0A0F\\u0A10\\u0A13-\\u0A28\\u0A2A-\\u0A30\\u0A32\\u0A33\\u0A35\\u0A36\\u0A38\\u0A39\\u0A3C\\u0A3E-\\u0A42\\u0A47\\u0A48\\u0A4B-\\u0A4D\\u0A51\\u0A59-\\u0A5C\\u0A5E\\u0A66-\\u0A75\\u0A81-\\u0A83\\u0A85-\\u0A8D\\u0A8F-\\u0A91\\u0A93-\\u0AA8\\u0AAA-\\u0AB0\\u0AB2\\u0AB3\\u0AB5-\\u0AB9\\u0ABC-\\u0AC5\\u0AC7-\\u0AC9\\u0ACB-\\u0ACD\\u0AD0\\u0AE0-\\u0AE3\\u0AE6-\\u0AEF\\u0AF1\\u0AF9-\\u0AFF\\u0B01-\\u0B03\\u0B05-\\u0B0C\\u0B0F\\u0B10\\u0B13-\\u0B28\\u0B2A-\\u0B30\\u0B32\\u0B33\\u0B35-\\u0B39\\u0B3C-\\u0B44\\u0B47\\u0B48\\u0B4B-\\u0B4D\\u0B55-\\u0B57\\u0B5C\\u0B5D\\u0B5F-\\u0B63\\u0B66-\\u0B6F\\u0B71-\\u0B77\\u0B82\\u0B83\\u0B85-\\u0B8A\\u0B8E-\\u0B90\\u0B92-\\u0B95\\u0B99\\u0B9A\\u0B9C\\u0B9E\\u0B9F\\u0BA3\\u0BA4\\u0BA8-\\u0BAA\\u0BAE-\\u0BB9\\u0BBE-\\u0BC2\\u0BC6-\\u0BC8\\u0BCA-\\u0BCD\\u0BD0\\u0BD7\\u0BE6-\\u0BF2\\u0BF9\\u0C00-\\u0C0C\\u0C0E-\\u0C10\\u0C12-\\u0C28\\u0C2A-\\u0C39\\u0C3D-\\u0C44\\u0C46-\\u0C48\\u0C4A-\\u0C4D\\u0C55\\u0C56\\u0C58-\\u0C5A\\u0C60-\\u0C63\\u0C66-\\u0C6F\\u0C78-\\u0C7E\\u0C80-\\u0C83\\u0C85-\\u0C8C\\u0C8E-\\u0C90\\u0C92-\\u0CA8\\u0CAA-\\u0CB3\\u0CB5-\\u0CB9\\u0CBC-\\u0CC4\\u0CC6-\\u0CC8\\u0CCA-\\u0CCD\\u0CD5\\u0CD6\\u0CDE\\u0CE0-\\u0CE3\\u0CE6-\\u0CEF\\u0CF1\\u0CF2\\u0D00-\\u0D0C\\u0D0E-\\u0D10\\u0D12-\\u0D44\\u0D46-\\u0D48\\u0D4A-\\u0D4E\\u0D54-\\u0D63\\u0D66-\\u0D78\\u0D7A-\\u0D7F\\u0D81-\\u0D83\\u0D85-\\u0D96\\u0D9A-\\u0DB1\\u0DB3-\\u0DBB\\u0DBD\\u0DC0-\\u0DC6\\u0DCA\\u0DCF-\\u0DD4\\u0DD6\\u0DD8-\\u0DDF\\u0DE6-\\u0DEF\\u0DF2\\u0DF3\\u0E01-\\u0E3A\\u0E3F-\\u0E4E\\u0E50-\\u0E59\\u0E81\\u0E82\\u0E84\\u0E86-\\u0E8A\\u0E8C-\\u0EA3\\u0EA5\\u0EA7-\\u0EBD\\u0EC0-\\u0EC4\\u0EC6\\u0EC8-\\u0ECD\\u0ED0-\\u0ED9\\u0EDC-\\u0EDF\\u0F00\\u0F18\\u0F19\\u0F20-\\u0F33\\u0F35\\u0F37\\u0F39\\u0F3E-\\u0F47\\u0F49-\\u0F6C\\u0F71-\\u0F84\\u0F86-\\u0F97\\u0F99-\\u0FBC\\u0FC6\\u1000-\\u1049\\u1050-\\u109D\\u10A0-\\u10C5\\u10C7\\u10CD\\u10D0-\\u10FA\\u10FC-\\u1248\\u124A-\\u124D\\u1250-\\u1256\\u1258\\u125A-\\u125D\\u1260-\\u1288\\u128A-\\u128D\\u1290-\\u12B0\\u12B2-\\u12B5\\u12B8-\\u12BE\\u12C0\\u12C2-\\u12C5\\u12C8-\\u12D6\\u12D8-\\u1310\\u1312-\\u1315\\u1318-\\u135A\\u135D-\\u135F\\u1369-\\u137C\\u1380-\\u138F\\u13A0-\\u13F5\\u13F8-\\u13FD\\u1401-\\u166C\\u166F-\\u167F\\u1681-\\u169A\\u16A0-\\u16EA\\u16EE-\\u16F8\\u1700-\\u170C\\u170E-\\u1714\\u1720-\\u1734\\u1740-\\u1753\\u1760-\\u176C\\u176E-\\u1770\\u1772\\u1773\\u1780-\\u17D3\\u17D7\\u17DB-\\u17DD\\u17E0-\\u17E9\\u17F0-\\u17F9\\u180B-\\u180D\\u1810-\\u1819\\u1820-\\u1878\\u1880-\\u18AA\\u18B0-\\u18F5\\u1900-\\u191E\\u1920-\\u192B\\u1930-\\u193B\\u1946-\\u196D\\u1970-\\u1974\\u1980-\\u19AB\\u19B0-\\u19C9\\u19D0-\\u19DA\\u1A00-\\u1A1B\\u1A20-\\u1A5E\\u1A60-\\u1A7C\\u1A7F-\\u1A89\\u1A90-\\u1A99\\u1AA7\\u1AB0-\\u1AC0\\u1B00-\\u1B4B\\u1B50-\\u1B59\\u1B6B-\\u1B73\\u1B80-\\u1BF3\\u1C00-\\u1C37\\u1C40-\\u1C49\\u1C4D-\\u1C7D\\u1C80-\\u1C88\\u1C90-\\u1CBA\\u1CBD-\\u1CBF\\u1CD0-\\u1CD2\\u1CD4-\\u1CFA\\u1D00-\\u1DF9\\u1DFB-\\u1F15\\u1F18-\\u1F1D\\u1F20-\\u1F45\\u1F48-\\u1F4D\\u1F50-\\u1F57\\u1F59\\u1F5B\\u1F5D\\u1F5F-\\u1F7D\\u1F80-\\u1FB4\\u1FB6-\\u1FBC\\u1FBE\\u1FC2-\\u1FC4\\u1FC6-\\u1FCC\\u1FD0-\\u1FD3\\u1FD6-\\u1FDB\\u1FE0-\\u1FEC\\u1FF2-\\u1FF4\\u1FF6-\\u1FFC\\u2015\\u2018\\u2019\\u2070\\u2071\\u2074-\\u2079\\u207F-\\u2089\\u2090-\\u209C\\u20A0-\\u20BF\\u20D0-\\u20F0\\u2102\\u2103\\u2107\\u210A-\\u2113\\u2115\\u2119-\\u211D\\u2124\\u2126\\u2128\\u212A-\\u212D\\u212F-\\u2139\\u213C-\\u213F\\u2145-\\u2149\\u214E\\u2150-\\u2189\\u2212\\u2460-\\u249B\\u24EA-\\u24FF\\u2776-\\u2793\\u2C00-\\u2C2E\\u2C30-\\u2C5E\\u2C60-\\u2CE4\\u2CEB-\\u2CF3\\u2CFD\\u2D00-\\u2D25\\u2D27\\u2D2D\\u2D30-\\u2D67\\u2D6F\\u2D7F-\\u2D96\\u2DA0-\\u2DA6\\u2DA8-\\u2DAE\\u2DB0-\\u2DB6\\u2DB8-\\u2DBE\\u2DC0-\\u2DC6\\u2DC8-\\u2DCE\\u2DD0-\\u2DD6\\u2DD8-\\u2DDE\\u2DE0-\\u2DFF\\u2E2F\\u3000-\\u303F\\u3041-\\u3096\\u3099-\\u30FF\\u3105-\\u312F\\u3131-\\u318E\\u3192-\\u3195\\u31A0-\\u31BF\\u31F0-\\u31FF\\u3220-\\u3229\\u3248-\\u324F\\u3251-\\u325F\\u3280-\\u3289\\u32B1-\\u32BF\\u3400-\\u4DBF\\u4E00-\\u9FFC\\uA000-\\uA48C\\uA4D0-\\uA4FD\\uA500-\\uA60C\\uA610-\\uA62B\\uA640-\\uA672\\uA674-\\uA67D\\uA67F-\\uA6F1\\uA717-\\uA71F\\uA722-\\uA788\\uA78B-\\uA7BF\\uA7C2-\\uA7CA\\uA7F5-\\uA827\\uA82C\\uA830-\\uA835\\uA838\\uA840-\\uA873\\uA880-\\uA8C5\\uA8D0-\\uA8D9\\uA8E0-\\uA8F7\\uA8FB\\uA8FD-\\uA92D\\uA930-\\uA953\\uA960-\\uA97C\\uA980-\\uA9C0\\uA9CF-\\uA9D9\\uA9E0-\\uA9FE\\uAA00-\\uAA36\\uAA40-\\uAA4D\\uAA50-\\uAA59\\uAA60-\\uAA76\\uAA7A-\\uAAC2\\uAADB-\\uAADD\\uAAE0-\\uAAEF\\uAAF2-\\uAAF6\\uAB01-\\uAB06\\uAB09-\\uAB0E\\uAB11-\\uAB16\\uAB20-\\uAB26\\uAB28-\\uAB2E\\uAB30-\\uAB5A\\uAB5C-\\uAB69\\uAB70-\\uABEA\\uABEC\\uABED\\uABF0-\\uABF9\\uAC00-\\uD7A3\\uD7B0-\\uD7C6\\uD7CB-\\uD7FB\\uF900-\\uFA6D\\uFA70-\\uFAD9\\uFB00-\\uFB06\\uFB13-\\uFB17\\uFB1D-\\uFB28\\uFB2A-\\uFB36\\uFB38-\\uFB3C\\uFB3E\\uFB40\\uFB41\\uFB43\\uFB44\\uFB46-\\uFBB1\\uFBD3-\\uFD3D\\uFD50-\\uFD8F\\uFD92-\\uFDC7\\uFDF0-\\uFDFC\\uFE00-\\uFE0F\\uFE20-\\uFE2F\\uFE69\\uFE70-\\uFE74\\uFE76-\\uFEFC\\uFF00-\\uFFEF\\U00010000-\\U0001000B\\U0001000D-\\U00010026\\U00010028-\\U0001003A\\U0001003C\\U0001003D\\U0001003F-\\U0001004D\\U00010050-\\U0001005D\\U00010080-\\U000100FA\\U00010107-\\U00010133\\U00010140-\\U00010178\\U0001018A\\U0001018B\\U000101FD\\U00010280-\\U0001029C\\U000102A0-\\U000102D0\\U000102E0-\\U000102FB\\U00010300-\\U00010323\\U0001032D-\\U0001034A\\U00010350-\\U0001037A\\U00010380-\\U0001039D\\U000103A0-\\U000103C3\\U000103C8-\\U000103CF\\U000103D1-\\U000103D5\\U00010400-\\U0001049D\\U000104A0-\\U000104A9\\U000104B0-\\U000104D3\\U000104D8-\\U000104FB\\U00010500-\\U00010527\\U00010530-\\U00010563\\U00010600-\\U00010736\\U00010740-\\U00010755\\U00010760-\\U00010767\\U00010800-\\U00010805\\U00010808\\U0001080A-\\U00010835\\U00010837\\U00010838\\U0001083C\\U0001083F-\\U00010855\\U00010858-\\U00010876\\U00010879-\\U0001089E\\U000108A7-\\U000108AF\\U000108E0-\\U000108F2\\U000108F4\\U000108F5\\U000108FB-\\U0001091B\\U00010920-\\U00010939\\U00010980-\\U000109B7\\U000109BC-\\U000109CF\\U000109D2-\\U00010A03\\U00010A05\\U00010A06\\U00010A0C-\\U00010A13\\U00010A15-\\U00010A17\\U00010A19-\\U00010A35\\U00010A38-\\U00010A3A\\U00010A3F-\\U00010A48\\U00010A60-\\U00010A7E\\U00010A80-\\U00010A9F\\U00010AC0-\\U00010AC7\\U00010AC9-\\U00010AE6\\U00010AEB-\\U00010AEF\\U00010B00-\\U00010B35\\U00010B40-\\U00010B55\\U00010B58-\\U00010B72\\U00010B78-\\U00010B91\\U00010BA9-\\U00010BAF\\U00010C00-\\U00010C48\\U00010C80-\\U00010CB2\\U00010CC0-\\U00010CF2\\U00010CFA-\\U00010D27\\U00010D30-\\U00010D39\\U00010E60-\\U00010E7E\\U00010E80-\\U00010EA9\\U00010EAB\\U00010EAC\\U00010EB0\\U00010EB1\\U00010F00-\\U00010F27\\U00010F30-\\U00010F54\\U00010FB0-\\U00010FCB\\U00010FE0-\\U00010FF6\\U00011000-\\U00011046\\U00011052-\\U0001106F\\U0001107F-\\U000110BA\\U000110D0-\\U000110E8\\U000110F0-\\U000110F9\\U00011100-\\U00011134\\U00011136-\\U0001113F\\U00011144-\\U00011147\\U00011150-\\U00011173\\U00011176\\U00011180-\\U000111C4\\U000111C9-\\U000111CC\\U000111CE-\\U000111DA\\U000111DC\\U000111E1-\\U000111F4\\U00011200-\\U00011211\\U00011213-\\U00011237\\U0001123E\\U00011280-\\U00011286\\U00011288\\U0001128A-\\U0001128D\\U0001128F-\\U0001129D\\U0001129F-\\U000112A8\\U000112B0-\\U000112EA\\U000112F0-\\U000112F9\\U00011300-\\U00011303\\U00011305-\\U0001130C\\U0001130F\\U00011310\\U00011313-\\U00011328\\U0001132A-\\U00011330\\U00011332\\U00011333\\U00011335-\\U00011339\\U0001133B-\\U00011344\\U00011347\\U00011348\\U0001134B-\\U0001134D\\U00011350\\U00011357\\U0001135D-\\U00011363\\U00011366-\\U0001136C\\U00011370-\\U00011374\\U00011400-\\U0001144A\\U00011450-\\U00011459\\U0001145E-\\U00011461\\U00011480-\\U000114C5\\U000114C7\\U000114D0-\\U000114D9\\U00011580-\\U000115B5\\U000115B8-\\U000115C0\\U000115D8-\\U000115DD\\U00011600-\\U00011640\\U00011644\\U00011650-\\U00011659\\U00011680-\\U000116B8\\U000116C0-\\U000116C9\\U00011700-\\U0001171A\\U0001171D-\\U0001172B\\U00011730-\\U0001173B\\U00011800-\\U0001183A\\U000118A0-\\U000118F2\\U000118FF-\\U00011906\\U00011909\\U0001190C-\\U00011913\\U00011915\\U00011916\\U00011918-\\U00011935\\U00011937\\U00011938\\U0001193B-\\U00011943\\U00011950-\\U00011959\\U000119A0-\\U000119A7\\U000119AA-\\U000119D7\\U000119DA-\\U000119E1\\U000119E3\\U000119E4\\U00011A00-\\U00011A3E\\U00011A47\\U00011A50-\\U00011A99\\U00011A9D\\U00011AC0-\\U00011AF8\\U00011C00-\\U00011C08\\U00011C0A-\\U00011C36\\U00011C38-\\U00011C40\\U00011C50-\\U00011C6C\\U00011C72-\\U00011C8F\\U00011C92-\\U00011CA7\\U00011CA9-\\U00011CB6\\U00011D00-\\U00011D06\\U00011D08\\U00011D09\\U00011D0B-\\U00011D36\\U00011D3A\\U00011D3C\\U00011D3D\\U00011D3F-\\U00011D47\\U00011D50-\\U00011D59\\U00011D60-\\U00011D65\\U00011D67\\U00011D68\\U00011D6A-\\U00011D8E\\U00011D90\\U00011D91\\U00011D93-\\U00011D98\\U00011DA0-\\U00011DA9\\U00011EE0-\\U00011EF6\\U00011FB0\\U00011FC0-\\U00011FD4\\U00011FDD-\\U00011FE0\\U00012000-\\U00012399\\U00012400-\\U0001246E\\U00012480-\\U00012543\\U00013000-\\U0001342E\\U00014400-\\U00014646\\U00016800-\\U00016A38\\U00016A40-\\U00016A5E\\U00016A60-\\U00016A69\\U00016AD0-\\U00016AED\\U00016AF0-\\U00016AF4\\U00016B00-\\U00016B36\\U00016B40-\\U00016B43\\U00016B50-\\U00016B59\\U00016B5B-\\U00016B61\\U00016B63-\\U00016B77\\U00016B7D-\\U00016B8F\\U00016E40-\\U00016E96\\U00016F00-\\U00016F4A\\U00016F4F-\\U00016F87\\U00016F8F-\\U00016F9F\\U00016FE0\\U00016FE1\\U00016FE3\\U00016FE4\\U00016FF0\\U00016FF1\\U00017000-\\U000187F7\\U00018800-\\U00018CD5\\U00018D00-\\U00018D08\\U0001B000-\\U0001B11E\\U0001B150-\\U0001B152\\U0001B164-\\U0001B167\\U0001B170-\\U0001B2FB\\U0001BC00-\\U0001BC6A\\U0001BC70-\\U0001BC7C\\U0001BC80-\\U0001BC88\\U0001BC90-\\U0001BC99\\U0001BC9D\\U0001BC9E\\U0001D165-\\U0001D169\\U0001D16D-\\U0001D172\\U0001D17B-\\U0001D182\\U0001D185-\\U0001D18B\\U0001D1AA-\\U0001D1AD\\U0001D242-\\U0001D244\\U0001D2E0-\\U0001D2F3\\U0001D360-\\U0001D378\\U0001D400-\\U0001D454\\U0001D456-\\U0001D49C\\U0001D49E\\U0001D49F\\U0001D4A2\\U0001D4A5\\U0001D4A6\\U0001D4A9-\\U0001D4AC\\U0001D4AE-\\U0001D4B9\\U0001D4BB\\U0001D4BD-\\U0001D4C3\\U0001D4C5-\\U0001D505\\U0001D507-\\U0001D50A\\U0001D50D-\\U0001D514\\U0001D516-\\U0001D51C\\U0001D51E-\\U0001D539\\U0001D53B-\\U0001D53E\\U0001D540-\\U0001D544\\U0001D546\\U0001D54A-\\U0001D550\\U0001D552-\\U0001D6A5\\U0001D6A8-\\U0001D6C0\\U0001D6C2-\\U0001D6DA\\U0001D6DC-\\U0001D6FA\\U0001D6FC-\\U0001D714\\U0001D716-\\U0001D734\\U0001D736-\\U0001D74E\\U0001D750-\\U0001D76E\\U0001D770-\\U0001D788\\U0001D78A-\\U0001D7A8\\U0001D7AA-\\U0001D7C2\\U0001D7C4-\\U0001D7CB\\U0001D7CE-\\U0001D7FF\\U0001DA00-\\U0001DA36\\U0001DA3B-\\U0001DA6C\\U0001DA75\\U0001DA84\\U0001DA9B-\\U0001DA9F\\U0001DAA1-\\U0001DAAF\\U0001E000-\\U0001E006\\U0001E008-\\U0001E018\\U0001E01B-\\U0001E021\\U0001E023\\U0001E024\\U0001E026-\\U0001E02A\\U0001E100-\\U0001E12C\\U0001E130-\\U0001E13D\\U0001E140-\\U0001E149\\U0001E14E\\U0001E2C0-\\U0001E2F9\\U0001E2FF\\U0001E800-\\U0001E8C4\\U0001E8C7-\\U0001E8D6\\U0001E900-\\U0001E94B\\U0001E950-\\U0001E959\\U0001EC71-\\U0001ECAB\\U0001ECAD-\\U0001ECB4\\U0001ED01-\\U0001ED2D\\U0001ED2F-\\U0001ED3D\\U0001EE00-\\U0001EE03\\U0001EE05-\\U0001EE1F\\U0001EE21\\U0001EE22\\U0001EE24\\U0001EE27\\U0001EE29-\\U0001EE32\\U0001EE34-\\U0001EE37\\U0001EE39\\U0001EE3B\\U0001EE42\\U0001EE47\\U0001EE49\\U0001EE4B\\U0001EE4D-\\U0001EE4F\\U0001EE51\\U0001EE52\\U0001EE54\\U0001EE57\\U0001EE59\\U0001EE5B\\U0001EE5D\\U0001EE5F\\U0001EE61\\U0001EE62\\U0001EE64\\U0001EE67-\\U0001EE6A\\U0001EE6C-\\U0001EE72\\U0001EE74-\\U0001EE77\\U0001EE79-\\U0001EE7C\\U0001EE7E\\U0001EE80-\\U0001EE89\\U0001EE8B-\\U0001EE9B\\U0001EEA1-\\U0001EEA3\\U0001EEA5-\\U0001EEA9\\U0001EEAB-\\U0001EEBB\\U0001F100-\\U0001F10C\\U0001FBF0-\\U0001FBF9\\U00020000-\\U0002A6DD\\U0002A700-\\U0002B734\\U0002B740-\\U0002B81D\\U0002B820-\\U0002CEA1\\U0002CEB0-\\U0002EBE0\\U0002F800-\\U0002FA1D\\U00030000-\\U0003134A\\U000E0100-\\U000E01EF]+$","content-security-policy-connect-src-whitelist":"*.cookielaw.org,*.onetrust.com","content-security-policy-frame-src-whitelist":"","content-security-policy-form-action-whitelist":"","content-security-policy-script-src-whitelist":"*.cookielaw.org,*.onetrust.com","content-security-policy-img-src-whitelist":"*.cookielaw.org,*.onetrust.com","content-security-policy-enabled":"false","content-security-policy-report-only":"true","content-security-policy-report-uri":"","orders-display-hide-external-orders-alert":"false","orders-display-fiscal-invoice-form-url":"","multiple-vouchers-enabled":"false","loyalty-scheme-url":"","customer-promise-price-and-promotions-strategy":"PROMISE_ON_CHECKOUT","sso-should-delete-cookies":"true","sso-front-channel-logout-enabled":"false","sso-logout-redirect-url":"https:\u002F\u002Fhandlaprivatkund.ica.se{BASE_PATH}","sso-login-error-url":"","sso-mobile-logout-redirect-whitelist":"ica-atm:\u002F\u002Flogout,ica-atm-debug:\u002F\u002Flogout,se.ica.osp:\u002F\u002Flogout","sso-session-state-timer":"20000","sso-access-denied-url":"https:\u002F\u002Fwww.ica.se\u002Fhandlaonline\u002Femailerror\u002F","sso-mobile-register-redirect-whitelist":"ica-atm:\u002F\u002Fregister,ica-atm-debug:\u002F\u002Fregister,se.ica.osp:\u002F\u002Fregister","validation-mobile-phone-number-mask":"^(([+][1-9]{2,3})|0)(\\d{7,9})$","validation-mobile-phone-number-mask-frontend":"^$|^[\\+\\d\\uFF10-\\uFF19\\u0660-\\u0669\\u06F0-\\u06F9\\-\\u2010-\\u2015\\u2212\\u30FC\\uFF0D\\uFF0F\\\u002F\\uFF0E. \\u00A0\\u00AD\\u200B\\u2060\\u3000\\(\\)\\uFF08\\uFF09\\uFF3B\\uFF3D\\[\\]~\\u2053\\u223C\\uFF5E]{4,}$","validation-chars-allowed":"^[A-Za-z0-9\\u00C0-\\u00D6\\u00D8-\\u00F6\\u00F8-\\u00FF\\u0100-\\u017F\\u0020\\u002E\\u002C\\u0021\\u003F\\u0028\\u0029\\u0027\\u005F\\u003D\\u002B\\u0023\\u007E\\u003A\\u003B\\u0040\\u0025\\u005E\\u0026\\u002A\\u002D\\u00C0-\\u00D6\\u00D8-\\u00F6\\u00F8-\\u00FF\\u0100-\\u017F]*$","validation-postal-code-substitution-regex":"(\\S*)\\s*(\\d\\S)","validation-customer-details-form-definition":[{"name":"attr.firstName","label":"user.contactDetails.firstName.title","placeholder":"user.contactDetails.firstName.placeholder","type":"text","validation":{"test":"^[A-Za-z-!?\\.â'` Ã-ÃÃ-Ã¶Ã¸-Ã¿Ä-Å¿]{1,100}$","messageKey":"user.contactDetails.firstName.error"},"required":true},{"name":"attr.surname","label":"user.contactDetails.surname.title","placeholder":"user.contactDetails.surname.placeholder","type":"text","validation":{"test":"^[A-Za-z-!?\\.â'` Ã-ÃÃ-Ã¶Ã¸-Ã¿Ä-Å¿]{1,100}$","messageKey":"user.contactDetails.surname.error"},"required":true},{"name":"mobilePhone","label":"accountSettings.contactDetails.mobilePhoneLabel","placeholder":"accountSettings.contactDetails.mobilePhonePlaceholder","type":"tel","required":true}],"validation-postal-code-substitution-grouping":"$1 $2","validation-postal-code-mask":"^\\d{3}\\s*\\d{2}$","validation-address-client-instructions-max-chars":"500","validation-address-client-name-max-chars":"200","validation-address-client-details-max-chars":"200","structured-data-home-url":"","structured-data-logo-url":"","structured-data-search-url":"","google-tag-manager-container-url":"https:\u002F\u002Fonline-analytics.ica.se\u002F","google-maps-default-lat":"59.35439329802486","google-recaptcha-public-key":"6LfKe_8UAAAAAMEYZMFTscZ8-eBGIdRJmrS7LDWe","google-tag-manager-container-id":"GTM-MCQKZQ3","google-maps-default-long":"17.95523446953846","google-maps-default-zoom":"14","google-maps-api-key":"AIzaSyAT9oIl7Fcqyg345NP02y_nRTPlCqzAQoY","mhra-base-url":"https:\u002F\u002Fwww.lakemedelsverket.se\u002Fsv\u002Fhandel-med-lakemedel\u002FAnmalda-e-handlare\u002F","mhra-company-id":"#Z00527","delivery-pass-subscription-modal-timeout":"60","delivery-pass-tac-url":"","delivery-pass-uuid":"3b36de18-e532-418d-9f55-edd85495c7b6","age-restricted-products-should-confirm-age":"false","required-user-info-marketing-prefs":[""],"infinite-scroll-server-side-fop-decoration-limit":"50","search-term-max-character-length":"50","search-term-search-suggestions-min-characters-for-search-suggestions":"3","search-term-search-suggestions-max-search-suggestions":"10","address-maximum-addresses":"10","lookup-error-page-id":"fragor-om-leverans","textbox-visibility-management-select-wallet-item-warning-is-selected-aware":"false","textbox-visibility-management-add-wallet-item-button-text-is-wallet-items-aware":"false","textbox-visibility-management-wallet-textbox-message":"false","basket-view":"detail","basket-max-quantity-per-product":"1000","psps-to-save-payment-method":"false","optimizely-project-id":"25820150309","search-engine-non-blocked-pages":"^\\\u002F$","homepage-product-page-show-more-button-threshold":"150","homepage-days-past-delivery-date-to-show-order":"5","medical-questionnaire-url":"","catch-weight-subtext-position":"pre","use-mile-as-distance-unit":"false","financing-options-instalment-plans-description-url":"","financing-options-credit-card-url":"","financing-options-option-name":"","cookies-onetrust-domain":"0bf00617-9501-4d49-9dac-e8335208baa8","cookies-onetrust-location":"cdn-ukwest.onetrust.com","cookies-onetrust-auto-blocker":"false","cookies-onetrust-3rd-party-enabled":"false","cookies-onetrust-ignore-gtm":"true","customer-account-external-management-url":"https:\u002F\u002Fwww.ica.se\u002Fmitt-konto\u002Fdina-uppgifter","customer-account-external-management-return-redirect-web-url":"","default-locale":"sv-SE","default-time-zone":"CET\u002FCEST Stockholm","delivery-collection-address-display-limit":"100","slot-expiry-notifications-intervals":"-1","images-formats":["png","jpg"],"images-resolutions":["100x100","150x150","200x200","300x300","350x350","410x410","500x500","640x640","800x800","960x960","1120x1120","1280x1280"],"images-webshop-bop-resolution":"500x500","display-format-momentjs-month-of-year":"MMMM YYYY","display-format-momentjs-datetime-descriptive":"ddd DD MMM h:mm A","display-format-momentjs-date-numerical":"DD\u002FMM\u002FYYYY","display-format-momentjs-date-descriptive":"ddd DD MMM","display-format-momentjs-time":"HH:mm","display-format-en-GB-momentjs-month-of-year":"MMMM YYYY","display-format-en-GB-momentjs-datetime-descriptive":"ddd DD MMM h:mm A","display-format-en-GB-momentjs-date-numerical":"DD\u002FMM\u002FYYYY","display-format-en-GB-momentjs-date-descriptive":"ddd DD MMM","display-format-en-GB-momentjs-time":"HH:mm","display-format-ca-ES-momentjs-month-of-year":"MMMM YYYY","display-format-ca-ES-momentjs-datetime-descriptive":"ddd DD MMM H:mm","display-format-ca-ES-momentjs-date-numerical":"DD\u002FMM\u002FYYYY","display-format-ca-ES-momentjs-date-descriptive":"ddd DD MMM","display-format-ca-ES-momentjs-time":"HH:mm","display-format-pl-PL-momentjs-month-of-year":"MMMM YYYY","display-format-pl-PL-momentjs-date-numerical":"DD\u002FMM\u002FYYYY","display-format-pl-PL-momentjs-date-descriptive":"ddd DD MMM","display-format-pl-PL-momentjs-time":"HH:mm","display-format-ko-KR-momentjs-month-of-year":"MMMM YYYY","display-format-ko-KR-momentjs-date-numerical":"YYYY\u002FMM\u002FDD","display-format-ko-KR-momentjs-date-descriptive":"ddd DD MMM","display-format-ko-KR-momentjs-time":"HH:mm","display-format-en-CA-momentjs-month-of-year":"MMMM YYYY","display-format-en-CA-momentjs-datetime-descriptive":"ddd DD MMM h:mm A","display-format-en-CA-momentjs-date-numerical":"DD\u002FMM\u002FYYYY","display-format-en-CA-momentjs-date-descriptive":"ddd DD MMM","display-format-en-CA-momentjs-time":"HH:mm","display-format-fr-CA-momentjs-month-of-year":"MMMM YYYY","display-format-fr-CA-momentjs-datetime-descriptive":"ddd DD MMM H:mm","display-format-fr-CA-momentjs-date-numerical":"DD\u002FMM\u002FYYYY","display-format-fr-CA-momentjs-date-descriptive":"ddd DD MMM","display-format-fr-CA-momentjs-time":"HH:mm","display-format-ja-JP-momentjs-month-of-year":"MMMM YYYYå¹´","display-format-ja-JP-momentjs-datetime-descriptive":"ddd DD MMM H:mm","display-format-ja-JP-momentjs-date-numerical":"ll","display-format-ja-JP-momentjs-date-descriptive":"MMM Doï¼dddï¼","display-format-ja-JP-momentjs-time":"HHæmmå","display-format-sv-SE-momentjs-month-of-year":"MMMM YYYY","display-format-sv-SE-momentjs-datetime-descriptive":"ddd DD MMM H:mm","display-format-sv-SE-momentjs-date-numerical":"DD\u002FMM\u002FYYYY","display-format-sv-SE-momentjs-date-descriptive":"ddd DD MMM","display-format-sv-SE-momentjs-time":"HH:mm","display-format-fr-FR-momentjs-month-of-year":"MMMM YYYY","display-format-fr-FR-momentjs-datetime-descriptive":"ddd DD MMM H:mm","display-format-fr-FR-momentjs-date-numerical":"DD\u002FMM\u002FYYYY","display-format-fr-FR-momentjs-date-descriptive":"ddd DD MMM","display-format-fr-FR-momentjs-time":"HH:mm","display-format-es-ES-momentjs-month-of-year":"MMMM YYYY","display-format-es-ES-momentjs-datetime-descriptive":"ddd DD MMM H:mm","display-format-es-ES-momentjs-date-numerical":"DD\u002FMM\u002FYYYY","display-format-es-ES-momentjs-date-descriptive":"ddd DD MMM","display-format-es-ES-momentjs-time":"HH:mm","web.search.input.max.length":"50","add.wallet.rate.limiter.token.refill.time.seconds":"600"},"error":null},"search":{"suggestions":{"isFetching":false,"fetchError":false,"didInvalidate":false,"lastUpdated":null,"data":[],"searchTerm":"","isSearchActive":false,"filteredSuggestions":[],"suggestionsToDisplay":[],"maxSuggestionsToDisplay":10,"highlightedSuggestionIndex":-1,"smartSearchSuggestionsCache":null,"isSearchPage":false},"analytics":{},"redirects":{"isFetching":false,"fetchError":false,"didInvalidate":false,"lastUpdated":null,"data":[],"redirectUrl":null}},"shoppingLists":{"listPage":{},"detailsPage":{"listId":null},"data":{"listEntities":{},"listIds":[]}},"shopInShop":{"html":"","productIds":[],"isFetching":false},"recipes":{"homePageComponents":{"isFetching":false,"fetchError":false,"didInvalidate":false,"lastUpdated":null},"homePage":{"isFetching":false,"fetchError":false,"didInvalidate":false,"lastUpdated":null},"searchPage":{"isFetching":false,"fetchError":false,"didInvalidate":false,"lastUpdated":null},"recipeEntities":{"data":{}},"collectionEntities":{},"detailsPage":{"isFetching":false,"fetchError":false,"didInvalidate":false,"lastUpdated":null},"shopForIngredientsPage":{"isFetching":false,"fetchError":false,"didInvalidate":false,"lastUpdated":null},"collectionDetailsPage":{"isFetching":false,"fetchError":false,"didInvalidate":false,"lastUpdated":null,"error":null},"collectionsPage":{"isFetching":false,"fetchError":false,"didInvalidate":false,"lastUpdated":null},"savedRecipesPage":{"isFetching":false,"fetchError":false,"didInvalidate":false,"lastUpdated":null},"chat":{"isFetching":{"CREATE_CHAT":false,"GET_CHAT_HISTORY":false,"SEND_MESSAGE":false},"isMinimised":false,"data":{}}},"listerPage":{},"recommendedProducts":{"isFetching":false,"fetchError":false,"didInvalidate":false,"lastUpdated":null,"productIds":[]},"toggleablePromotions":{"isFetching":false,"fetchError":false,"didInvalidate":false,"lastUpdated":null},"layouts":{"isFetching":false,"fetchError":false,"didInvalidate":false,"lastUpdated":null,"items":[]},"coupons":{"count":{"isFetching":false,"fetchError":false,"didInvalidate":false,"lastUpdated":null,"value":0},"couponsPage":{"isFetching":false,"fetchError":false,"didInvalidate":false,"lastUpdated":null,"data":[]},"couponDetailsPage":{"isFetching":false,"fetchError":false,"didInvalidate":false,"lastUpdated":null,"data":{"promotionPageType":"UNKNOWN","sortOptions":[],"promoId":"","retailerPromotionId":"","description":"","promotionGroups":[{"products":[],"quantity":0}]}}},"composableNavbar":{"isFetching":false,"fetchError":false,"didInvalidate":false,"lastUpdated":null},"homepage":{"isFetching":false,"fetchError":false,"didInvalidate":false,"lastUpdated":null}},"session":{"csrf":{"token":"738a2f99-67fe-4dc3-9783-bd4239bade08"},"features":{"enabledFeatures":["flt.facets","lipc","cs.tc","pay.check.show","rs2","mnfh","w.bp","apc","pay.ew","ppiac","oosa","instshp","esbfows.css","nbsync","intadd","rwht","fbb","autom.conv","cs.2col","rmmp","pcconf2","gl.bl","moosa","pb.pl","esbfows.es","sort.fav","pb.pc","cs.tcm","cooof","uaddf","stse","pay.check.use","seo.can","cow.ns","srws","ccsea","cas.v2","esbfows.bs","vcd","pcconf","tp.pci","sanitiser","esbfows.dss","barv2","sen","map","bvvws","liscfv1","ecam","onre","ebc","afnbg","sl.cut","incrf","rec.srch","cf.pl.on","mrws.cs","fls","viswat2","cx.cat.api","cow.cmp","asi","a.reauth","cx.pro.api","cf.cr.on","cx.fav.api","cow","fpicwdm","cx.s.api","gtm.rl","fe.ieo","rec","cf.gp.on","mfsa","fpiswdm","reg","mrrs","dcpi","ceh.rd.fp","pir","svg.defs","cs.pe","exptr","cncdel","pay.paw","chc","pay.pw","cx.pd.api","bsv2","co.bl","ads","ew","lirv","lbh","wcpws.v5","foa","footer.mhra","seo.bsec","psc","dso","fi","ldv4","gtm.opfc","seo.rdbl","pay.rlp","cx.hp.api","pdpi","ppimv5","cf.sis.cat.cache","pdp.slop","tcs","bpr","cs.aib","mregsso","ebcm","gbc","seo.nav","pay.rl","homedel","1trust","bt.cart","esbfows.nas","dcbbs","rmsc"]},"metadata":{"visitorId":"10b9b9fa-13fe-4b1e-a107-c3a81197a81b","sessionId":"e6a49374-6fd9-4e2b-a72e-f75dbcafcf7a","requestId":"e110c0c1-842e-49f6-8f8f-66b39500c21f \u003E 5fbf1b6f-8a3d-4f85-a8d7-f483843df137","serverLoadTime":1701346988443,"isServerRendered":true,"assetVersion":"1.23.7-2023-11-29-15-50-07-486-d1ddccc1","regionId":"67dad347-0199-402a-af13-0f84408a304b","bannerId":"bf7a00ca-390e-4769-865f-dc369586872e","basePath":"\u002Fstores\u002F1015001","isFetching":false,"fetchError":false,"retailerRegionId":"1015001","regionName":"Maxi ICA Stormarknad Bromma","retailerBannerId":"Privat","bannerName":"Privat (B2C)","bannerBusinessModel":"STORE","lastUpdated":1701346988497},"additionalDetails":{"isFetching":false,"fetchError":false,"didInvalidate":false,"lastUpdated":null,"required":false},"isSuperuser":false,"isLoggedIn":false,"linkTypeDetector":{"type":"ALL_SPA_LINKS"}},"control":{"modal":{},"notifications":{"items":[],"toastWrapperPositionRight":0},"addWalletItemModal":{},"addPspwebWalletItemModal":{},"payments":{"unselectedPaymentMethodWarning":false,"isPaymentActive":false,"toSavePaymentMethod":false,"isToSavePaymentMethodValid":true,"paymentOption":"UNKNOWN","financingOption":"","threeDsRecoveryUrls":{"isFetching":false,"fetchError":false,"didInvalidate":false,"lastUpdated":null,"data":{}},"paymentChecks":{"isFetching":false,"fetchError":false,"didInvalidate":false,"lastUpdated":null,"availablePaymentChecks":[],"checksMissingRequiredTotal":[]}},"addAddressOrigin":"","delivery":{"conciergeDelivery":{"initialValue":false,"currentValue":false},"selectedAddressId":null,"selectedDeliveryDestinationId":null,"temporaryDeliveryDestination":null,"slot":{"isFetching":false,"fetchError":false,"didInvalidate":false,"lastUpdated":null,"data":{}}}},"router":{"location":{"pathname":"\u002Fcategories\u002FGlass-Godis-Snacks\u002FChoklad\u002Fabfad4ad-011b-49cf-af79-9c3d120ab0a3","search":"?source=navigation","hash":"","key":"9swvrk","query":{"source":"navigation"}},"action":"POP"},"theme":{"data":{"favicon":{"href":"data:image\u002Fpng;base64,iVBORw0KGgoAAAANSUhEUgAAACAAAAAgCAYAAABzenr0AAAAAXNSR0IArs4c6QAAAnZJREFUWAlj\u002FA8EDAMImAbQbrDVow4YDYHREBgNAZwh8P\u002F9B4a\u002Fj5+CMQOWsvLvoycMP\u002FceYPhz8zZGWfbv5SsMMZwCoKIYG3ifnvf\u002FMQM3GP\u002F78hWu5Nvq9f+fSavC5UBqXhpa\u002Ff\u002F\u002F6zdEzZ+\u002F\u002F1\u002FqWfz\u002FfekKXA8+Bs4QwObiT9WNDG9DYxj+Pn2GIs3u5MDAwMoCFvs6bxHDr0uXGT6UVqOowcnB5Tr0EPh5+Nj\u002FJ0y8YJ8\u002F4RT5\u002F6Gk6v+XmfP+v0vM+P\u002Fv3XuwMf8+f\u002Fn\u002FTEIJHjo\u002Fdu7FZTxcnAHOQmOgO+BtWBzEcqAjfh46iqYawv1Y2wy3HBw1wKj4\u002F\u002FcfVrUwQaKj4NeZc+BQZDM3ZWCztcII0X\u002FPXjB86Z2EIg6Kim8LlqCIoXOIdsD\u002FHz\u002FAehk5OdHNAPM\u002F1jQy\u002FPv2Dczmq69igKn7WNvE8P\u002Fbd6x6QIJEO4DN2BBsyM\u002FjJxn+3rmHYuCv46cYvi1cChZj1dFm4KutYOAtygXz\u002Fz57jhEyyJqJdgBXTARY3\u002F\u002Fv3xleO3szfFu8guH36XMMXyZMZXjjEcDw\u002F98\u002FsLzAhE6GP7fvMPzYuQduz+eufgacZQMsMaDT6IkQJP82NBYlkcHKCRj9obACbMwb31AMde\u002FTctGtAPOJzgVg1cDCBpTSn7Dwo1jwhEP4\u002F6e2nv\u002F\u002FoQn+z937\u002F8H4zr3\u002FLzSNwWqfMPP9\u002F331OoYjGEEi8LBCYvy5fJXhD7C4BQEOD1cGBmZEbIGC8xcw+P\u002Fcus3ALC3FwOHuwsAowI+kG8H8c\u002FsuUN0dsACLqjIDi5oKQhLIwukAFFU05CC8RUNL8Bk96oDREBgNgdEQAAC9TJLaH2AOkwAAAABJRU5ErkJggg=="},"fonts":[{"id":1,"content":"@font-face { font-family: 'ICA Rubrik'; src: url('\u002Fstatic\u002Ffonts\u002FICARubrik\u002FICARubrik-Regular.woff2') format('woff2'), url('\u002Fstatic\u002Ffonts\u002FICARubrik\u002FICARubrik-Regular.woff') format('woff'), url('\u002Fstatic\u002Ffonts\u002FICARubrik\u002FICARubrik-Regular.ttf') format('truetype'); font-weight: normal; font-style: normal;}@font-face {    font-family: 'ICA Rubrik';    src: url('\u002Fstatic\u002Ffonts\u002FICARubrik\u002FICARubrik-Medium.woff2') format('woff2'), url('\u002Fstatic\u002Ffonts\u002FICARubrik\u002FICARubrik-Medium.woff') format('woff'), url('\u002Fstatic\u002Ffonts\u002FICARubrik\u002FICARubrik-Medium.ttf') format('truetype'); font-weight: 500; font-style: normal; } @font-face { font-family: 'ICA Rubrik'; src: url('\u002Fstatic\u002Ffonts\u002FICARubrik\u002FICARubrik-Black.woff2') format('woff2'), url('\u002Fstatic\u002Ffonts\u002FICARubrik\u002FICARubrik-Black.woff') format('woff'), url('\u002Fstatic\u002Ffonts\u002FICARubrik\u002FICARubrik-Black.ttf') format('truetype'); font-weight: 900; font-style: normal;}@font-face { font-family: 'ICA Rubrik'; src: url('\u002Fstatic\u002Ffonts\u002FICARubrik\u002FICARubrik-Light.woff2') format('woff2'), url('\u002Fstatic\u002Ffonts\u002FICARubrik\u002FICARubrik-Light.woff') format('woff'), url('\u002Fstatic\u002Ffonts\u002FICARubrik\u002FICARubrik-Light.ttf') format('truetype'); font-weight: 300; font-style: normal;} @font-face { font-family: 'ICA Rubrik'; src: url('\u002Fstatic\u002Ffonts\u002FICARubrik\u002FICARubrik-Bold.woff2') format('woff2'), url('\u002Fstatic\u002Ffonts\u002FICARubrik\u002FICARubrik-Bold.woff') format('woff'), url('\u002Fstatic\u002Ffonts\u002FICARubrik\u002FICARubrik-Bold.ttf') format('truetype'); font-weight: bold; font-style: normal;}"},{"id":2,"content":"@font-face {font-family: 'ICA Text Ny';font-style: normal;font-weight: 400;src: local('ICA Text Ny'),url('\u002Fstatic\u002Ffonts\u002FICATextNy\u002FICATextNy-Regular.woff2') format('woff2'),url('\u002Fstatic\u002Ffonts\u002FICATextNy\u002FICATextNy-Regular.woff') format('woff'),url('\u002Fstatic\u002Ffonts\u002FICATextNy\u002FICATextNy-Regular.eot') format('embedded-opentype');}@font-face {font-family: 'ICA Text Ny';font-style: normal;font-weight: 700;src: local('ICA Text Ny'),url('\u002Fstatic\u002Ffonts\u002FICATextNy\u002FICATextNy-Bold.woff2') format('woff2'),url('\u002Fstatic\u002Ffonts\u002FICATextNy\u002FICATextNy-Bold.woff') format('woff'),url('\u002Fstatic\u002Ffonts\u002FICATextNy\u002FICATextNy-Bold.eot') format('embedded-opentype');}"}],"border-radius":3,"logos":{"logo":"\u003Csvg viewBox=\"0 7.77 32 16.449\"\u003E\u003Cpath fill=\"#e13205\" d=\"M0 8.208h3.986v15.726H0V8.208m23.042-.438L32 23.934h-4.534l-.986-1.752h-4.512l1.577-2.848h1.358l-1.862-3.373-1.949 3.504a13.904 13.904 0 01-.92 1.446 8.172 8.172 0 01-6.571 3.308c-4.49 0-8.148-3.658-8.148-8.148s3.658-8.148 8.148-8.148c1.533 0 2.913.416 4.118 1.117l-1.927 3.482a4.265 4.265 0 00-2.19-.613c-2.3 0-4.161 1.862-4.161 4.162s1.862 4.162 4.161 4.162c1.249 0 2.278-.526 3.023-1.292.328-.329.701-.876.81-1.073l5.607-10.097\"\u002F\u003E\u003C\u002Fsvg\u003E","small":"\u003Csvg viewBox=\"0 7.77 32 16.449\"\u003E\u003Cpath fill=\"#e13205\" d=\"M0 8.208h3.986v15.726H0V8.208m23.042-.438L32 23.934h-4.534l-.986-1.752h-4.512l1.577-2.848h1.358l-1.862-3.373-1.949 3.504a13.904 13.904 0 01-.92 1.446 8.172 8.172 0 01-6.571 3.308c-4.49 0-8.148-3.658-8.148-8.148s3.658-8.148 8.148-8.148c1.533 0 2.913.416 4.118 1.117l-1.927 3.482a4.265 4.265 0 00-2.19-.613c-2.3 0-4.161 1.862-4.161 4.162s1.862 4.162 4.161 4.162c1.249 0 2.278-.526 3.023-1.292.328-.329.701-.876.81-1.073l5.607-10.097\"\u002F\u003E\u003C\u002Fsvg\u003E"},"productimage":{"placeholder":"\u003Csvg xmlns:xlink=\"http:\u002F\u002Fwww.w3.org\u002F1999\u002Fxlink\" viewBox=\"0 0 500 500\"\u003E\u003Cdefs\u003E\u003Cpath id=\"pi_placeholder__a\" d=\"M298.375 209.5c.621 0 1.125.504 1.125 1.125v78.732a1.14 1.14 0 01-1.139 1.143h-78.754a1.125 1.125 0 01-1.004-1.629l3.375-6.75a1.13 1.13 0 011.004-.621h66.042l-25.745-29.417-12.595 12.596a1.337 1.337 0 01-1.994-.112l-16.807-21.016-22.383 26.11v19.696c0 .634-.513 1.143-1.143 1.143h-6.714c-.63 0-1.143-.509-1.143-1.143v-78.714c0-.63.513-1.143 1.143-1.143zm-7.875 9h-79.875c-.621 0-1.125.504-1.125 1.125v36.212l21.735-25.358a1.126 1.126 0 011.732.027l17.406 21.757 12.497-12.496a1.126 1.126 0 011.642.054l25.988 29.705V218.5zm-13.502 4.5c4.968 0 9 4.036 9 9 0 4.963-4.032 9-9 9-4.963 0-9-4.037-9-9 0-4.964 4.037-9 9-9zm0 4.5c-2.48 0-4.5 2.016-4.5 4.5s2.02 4.5 4.5 4.5c2.484 0 4.5-2.016 4.5-4.5s-2.016-4.5-4.5-4.5z\"\u002F\u003E\u003C\u002Fdefs\u003E\u003Cg fill=\"none\" fill-rule=\"evenodd\"\u003E\u003Crect width=\"500\" height=\"500\" fill=\"#EDEDED\" rx=\"4\"\u002F\u003E\u003Cuse fill=\"#BDBBB9\" xlink:href=\"#pi_placeholder__a\"\u002F\u003E\u003C\u002Fg\u003E\u003C\u002Fsvg\u003E"},"font-family":"'ICA Text Ny', sans-serif","heading-font-family":"'ICA Rubrik', sans-serif","alt-bop-heading-font-family":"'ICA Text Ny', sans-serif","alt-bop-heading-font-weight":400,"alt-product-price-font-family":"'ICA Rubrik', sans-serif","alt-product-price-font-weight":700,"button":{"counter":{"decrement":{"background-color":"#FCECE7","border-color":"#FCECE7","color":"#CF2E05",":hover":{"background-color":"#F088B6","border-color":"#F088B6","color":"#FFFFFF"},"disabled":{"background-color":"#EDEDED","border-color":"#EDEDED","color":"#BDBBB9","opacity":1}},"increment":{"background-color":"#E13205","border-color":"#E13205","color":"#FFFFFF",":hover":{"background-color":"#F088B6","border-color":"#F088B6","color":"#FFFFFF"},"disabled":{"background-color":"#EDEDED","border-color":"#EDEDED","color":"#BDBBB9","opacity":1}},"quantity":{"border-color":"#FCECE7"}},"primary":{"background-color":"#FCECE7","border-color":"#FCECE7","color":"#CF2E05",":hover":{"background-color":"#F088B6","border-color":"#F088B6","color":"#FFFFFF"},"light":{"background-color":"#FCECE7","border-color":"#FCECE7","color":"#CF2E05",":hover":{"background-color":"#F088B6","border-color":"#F088B6","color":"#FFFFFF"},"disabled":{"background-color":"#EDEDED","border-color":"#EDEDED","color":"#BDBBB9","opacity":1}},"disabled":{"background-color":"#EDEDED","border-color":"#EDEDED","color":"#BDBBB9","opacity":1}},"action":{"background-color":"#E13205","border-color":"#E13205","color":"#FFFFFF",":hover":{"background-color":"#F088B6","border-color":"#F088B6","color":"#FFFFFF"},"light":{"background-color":"#E13205","border-color":"#E13205","color":"#FFFFFF",":hover":{"background-color":"#F088B6","border-color":"#F088B6","color":"#FFFFFF"},"disabled":{"background-color":"#EDEDED","border-color":"#EDEDED","color":"#BDBBB9","opacity":1}},"disabled":{"background-color":"#EDEDED","border-color":"#EDEDED","color":"#BDBBB9","opacity":1}},"secondary":{"background-color":"#FCECE7","border-color":"#FCECE7","color":"#CF2E05",":hover":{"background-color":"#F088B6","border-color":"#F088B6","color":"#FFFFFF"},"light":{"background-color":"#FCECE7","border-color":"#FCECE7","color":"#CF2E05",":hover":{"background-color":"#F088B6","border-color":"#F088B6","color":"#FFFFFF"},"disabled":{"background-color":"#EDEDED","border-color":"#EDEDED","color":"#BDBBB9","opacity":1}},"disabled":{"background-color":"#EDEDED","border-color":"#EDEDED","color":"#BDBBB9","opacity":1}}},"header":{"color-scheme":"secondary","secondary":{"top-bar":{"background-color":"#ffffff"},"bottom-bar":{"background-color":"#ffffff"}}},"logo":{"default":{"height":38,"width":86},"small":{"height":43,"width":75}},"intent":{"primary":"#E13205","secondary":"#FCECE7","action":"#F39100","promotion":"#CF2E05","success":"#009738","warning":"#F39100","error":"#DF0009","utility":"#EDEDED","content":"#3a3a3a","contrast":"#fff"}},"isFetching":false,"fetchError":false,"error":null,"lastUpdated":1701346988542},"cookieConsent":{"privacyAccepted":true,"selectedPlanId":true,"global_sid":true,"JSESSIONID":true,"VISITORID":true,"sso.nonce":true,"sso.state":true,"sso.loginComplete":true,"sso.registrationComplete":true,"sso.rr":true,"sso.lr":true,"basePath":true,"sso.codeVerifier":true,"language":false,"CC_XXXXX":true,"TS01fd3980":true,"gtm_preview":true,"TS01727241":true,"AWSALB":true,"Q5F452775-85EE-45B1-970D-6B68F28ED262":true,"AWSALBCORS":true,"CATERING_STORE":true,"TS0154f30f":true,"TS01140924":true,"Q7AED034B-B89E-443F-AF9F-10DB386573FF":true,"gdpr_reference_id":true,"gtm_debug":true,"GO2PIC":true,".AspNetCore.Antiforgery.9TtSrW0hzOs":true,"ai_user":true,"OptanonConsent":true,"code_verifier":true,"TS0132886a":true,"_qual_restore_5F452775-85EE-45B1-970D-6B68F28ED262":true,"gtm_auth":true,"6eh07ba9":true,"icase_tp":true,"EmailValidationAlertBoxClosed":true,"TS017417f7":true,"catering_store":true,"TS0176a0c0":true,"OptanonAlertBoxClosed":true,"store-cookie":true,"ASP.NET_SessionId":true,"TS010ac348":true,".AspNetCore.Antiforgery.VyLW6ORzMgk":true,"TS01184a30":true,"_preflighted":true,"_qual_restore_7AED034B-B89E-443F-AF9F-10DB386573FF":true,"_dc_gtm_UA-xxxxxxxx":true,"TS016b5b34":true,"thSessionId":true,"RetailMediaAlertBoxClosed":true,"hpc":true,"I_B13FT46":true,"__RequestVerificationToken":true,"TS0179d24c":true,"userPrefLanguage":true,".AspNetCore.ConvertAccountScheme":true,"username":true,"TSb6c503c3027":true,"sessionid":true,"_sessionid":true,"TS01b5ebd6":true,"_username":true,"ssm":true,"preflight":true}}</script><script nonce="N2JjZTJkODQtNDJkMi00NWYyLWEyYTEtMmE0ZjdjZmNkZjMx">
if ('serviceWorker' in navigator) {
    window.addEventListener('load', function ospServiceWorker() {
        navigator.serviceWorker.register('/stores/1015001/sw.js').catch(function logOspServiceWorkerError(registrationError) {
            try {
                console.warn(registrationError);
                window.newrelic.noticeError(registrationError, { serviceWorkerError: true });
            } catch (e) {
                console.warn(e);
            }
        });
    });
}
</script><div class="sc-kDThTU gUyhyq"></div><style>
    [data-test^="fop-wrapper"]>[class^="box__Box"].pl-classified.pl-classified>[class^="flex__Flex"] {
        flex-grow: 1;
        padding: 8px;
    }

    [data-test^="fop-wrapper"]>[class^="box__Box"].pl-classified>[class^="flex__Flex"] [class^="base__OfferContainer"] {
        min-height: 0;
        height: auto;
        max-height: 2.85714rem;
        flex-grow: 1;
    }

    [data-test^="fop-wrapper"]>[class^="box__Box"].pl-classified>[class^="base__Header"] [class^="base__ImageTopBar"] > div > div{
        min-height: 24px;
        align-items: center;
    }

    [data-test^="fop-wrapper"]>[class^="box__Box"].pl-classified>[class^="base__Header"] [class^="base__ImageTopBar"] [data-test="fop-featured"] {
        font-size:.8rem
    }
    [data-test^="fop-wrapper"]>[class^="box__Box"].pl-classified>[class^="flex__Flex"] [class^="base__Footer"] {
        align-self: flex-end;
    }
    [data-test^="fop-wrapper"]>[class^="box__Box"].pl-classified>[class^="flex__Flex"] [class^="base__Footer"] > div{
        margin:0;
    }
    [data-test^="fop-wrapper"]>[class^="box__Box"].pl-classified>[class^="flex__Flex"] [class^="base__Footer"] > div button{
        font-size: 1.125em;
    }
    [data-test^="fop-wrapper"]>[class^="box__Box"].pl-classified>[class^="flex__Flex"] [data-test="fop-body"] {
        position: relative;
        display: flex;
        padding: 0 0 8px 0;
    }

    [data-test^="fop-wrapper"]>[class^="box__Box"].pl-classified>[class^="flex__Flex"] [data-test="fop-body"] [data-test="fop-size"] {
        order: 4;
        height: 3em;
    }

    [data-test^="fop-wrapper"]>[class^="box__Box"].pl-classified>[class^="flex__Flex"] [data-test="fop-body"] [data-test="fop-size"] > div > span {
        font-size: 0.85rem;
        color: #999999;
        margin-right:0;
        display: inline;

    }
    [data-test^="fop-wrapper"]>[class^="box__Box"].pl-classified>[class^="flex__Flex"] [data-test="fop-body"] [data-test="fop-size"] span:nth-child(2) {
        font-size: 0.85rem;
        color: #999999;
        margin-left:.2em;
    }

    [data-test^="fop-wrapper"]>[class^="box__Box"].pl-classified>[class^="flex__Flex"] [data-test="fop-body"] [data-test="fop-size"] span + .mutation-modified {
        margin: 0;
    }

    [data-test^="fop-wrapper"]>[class^="box__Box"].pl-classified>[class^="flex__Flex"] [data-test="fop-body"] [data-test="fop-size"]>div {
        display:block;
        white-space: normal;
        height: auto;
        line-height: .95em;
        overflow: visible;
    }

    [data-test^="fop-wrapper"]>[class^="box__Box"].pl-classified>[class^="flex__Flex"] [data-test="fop-body"] [data-test="fop-price-wrapper"] {
        order: 3;
        margin: 8px 0;
    }

    [data-test^="fop-wrapper"]>[class^="box__Box"].pl-classified>[class^="flex__Flex"] [data-test="fop-body"] h3 {
        order: 1;
    }

    [data-test^="fop-wrapper"]>[class^="box__Box"].pl-classified>[class^="flex__Flex"] [data-test="fop-body"] h3>a:hover {

    }


    [data-test^="fop-wrapper"]>[class^="box__Box"].pl-classified>[class^="flex__Flex"] [data-test="fop-body"] [data-test="fop-offer"] {
        order: 2;
        flex-grow: 1;
        display:none;
    }


    [data-test^="fop-wrapper"]>[class^="box__Box"].pl-classified>[class^="flex__Flex"] [data-test="fop-body"] [data-test="fop-price-wrapper"] [data-test="fop-price"]{
        color: #000;
        font-weight: bold;
        font-family: "ICA Rubrik", sans-serif;
    }
    [data-test="expanded-trolley-list-item"] [data-test="fop-offer-text"]{
        font-weight: bold;
        font-family: "ICA Rubrik", sans-serif;
        display:none
    }

    [data-test="fop-offer-link"]:hover [data-test="fop-price"] {
      text-decoration: underline;
    }

    [data-test^="fop-wrapper"]>[class^="box__Box"].pl-classified [data-test="fop-price-wrapper"] [data-test="fop-offer-text"],
    [data-test^="fop-wrapper"]>[class^="box__Box"].pl-classified [data-test="fop-price-wrapper"] [class^="spacing__Spacing"]{
        display:none;
    }
    [data-test^="fop-wrapper"]>[class^="box__Box"].pl-classified .price-block-wrapper * {
        /* added non-react nodes ruin the SPA anchor clicks, this way you are clicking through all the nodes and reaching the react annchor*/
        pointer-events: none;
    }

    [data-test="missed-promotion"] [class^=spacing__Spacing]:hover{
        text-decoration:none;
    }
    [data-test="missed-promotion"] [class^=spacing__Spacing]:hover span{
        text-decoration:none;
    }
    [data-test="missed-promotion"] [class^=spacing__Spacing]{
        width: 100%;
    }
    [data-test="missed-promotion"] [class^=spacing__Spacing] span{
        font-size: .8em;
        font-weight: bold;
    }
    [data-test="missed-promotion"] [class^=spacing__Spacing] span.promo{
        font-size: 1.25rem;
        padding-right: .2em
    }
    [data-test="missed-promotion"] [class^=progress-ring__ContentContainer] > span{
        font-family: "ICA Rubrik", sans-serif;
    }
    [data-test="missed-promotion"] [class^=progress-ring__Wrapper] svg .progress{
        stroke: rgb(225, 50, 5);
    }

    .missed-promotion [class^=fop__OfferBoxContainer] > div {
        border:none
    }
    [data-test="missed-promotion"] [class^=spacing__Spacing] [data-test="fop-offer-text"] {
        display: none;
    }
    [data-test="missed-promotion"] .price-block-wrapper {
        display:flex;
        align-items: center;
    }

    [data-test^="fop-wrapper"].missed-promotion > [class^="box__Box"].pl-classified>[class^="flex__Flex"] [data-test="fop-body"] [data-test="fop-offer"] {
        display: block;
    }
    [data-test^="fop-wrapper"].missed-promotion > [class^="box__Box"].pl-classified>[class^="flex__Flex"] [data-test="fop-body"] [data-test="fop-price-wrapper"] [data-test="fop-price"]{
        font-size: 1.1rem
    }

    [data-test="expanded-trolley-list-item"].offer-multi-long [data-test="fop-offer-text"],
    [data-test="expanded-trolley-list-item"].offer-single-long [data-test="fop-offer-text"]{
        display: none;
    }

    .offer-multi-long [data-test="fop-price-wrapper"],
    .offer-single-long [data-test="fop-price-wrapper"]
    {
        margin-top: 1em;
        display: flex;
    }

    .offer-multi-long [data-test="fop-price-wrapper"] .price-block-wrapper,
    .offer-single-long [data-test="fop-price-wrapper"] .price-block-wrapper,
    [data-test="expanded-trolley-list-item"].offer-multi-long .price-block-wrapper,
    [data-test="expanded-trolley-list-item"].offer-single-long .price-block-wrapper
    {
        color: #000000;
        background-color: #eaeaea;
        padding: 0 .5em;
        border-radius: 3px;
        text-decoration:none;
        font-family: "ICA Rubrik", sans-serif;
        font-weight:bold;
        white-space:nowrap
    }

    [data-test="expanded-trolley-list-item"].offer-multi-long .price-block-wrapper,
    [data-test="expanded-trolley-list-item"].offer-single-long .price-block-wrapper {
        display: flex;
        align-items: baseline;
    }

    [data-test="expanded-trolley-list-item"].offer-multi-long .price-block-wrapper > div span,
    [data-test="expanded-trolley-list-item"].offer-single-long .price-block-wrapper > div span,
    [data-test="expanded-trolley-list-item"].offer-loyalty .price-block-wrapper > div s,
    [data-test="expanded-trolley-list-item"].offer-loyalty .price-block-wrapper > div span,
    [data-test="expanded-trolley-list-item"].offer-for-you .price-block-wrapper > div s{
        padding-left: 0.5em;
        font-size: 0.85em;
        font-weight: bold;
        font-family: "ICA Rubrik", sans-serif;

    }

    [data-test="expanded-trolley-list-item"].offer-multi-long [data-test="fop-offer-text"],
    [data-test="expanded-trolley-list-item"].offer-single-long [data-test="fop-offer-text"]{
        line-height: 1.3em;
        font-size:1.2em;
    }


    .offer-loyalty [data-test="fop-offer"], .offer-for-you [data-test="fop-offer"],
    [data-test="expanded-trolley-list-item"].offer-loyalty [data-test="fop-offer-text"],
    [data-test="expanded-trolley-list-item"].offer-for-you [data-test="fop-offer-text"]
    {
        display: none;
    }

    .offer-loyalty [data-test="fop-price-wrapper"], .offer-for-you [data-test="fop-price-wrapper"]  {
        margin-top: 1em;
        display: flex;
    }

    .offer-loyalty [data-test="fop-price-wrapper"] .price-block-wrapper [data-test="fop-price"],
    .offer-for-you [data-test="fop-price-wrapper"] .price-block-wrapper [data-test="fop-price"] {
        color: #e2200b !important;
    }

    .offer-loyalty [data-test="fop-price-wrapper"] .price-block-wrapper,
    .offer-for-you [data-test="fop-price-wrapper"] .price-block-wrapper,
    [data-test="expanded-trolley-list-item"].offer-loyalty .price-block-wrapper,
    [data-test="expanded-trolley-list-item"].offer-for-you .price-block-wrapper
    {
        background-color: #f8c8df;
        color: #000;
        padding: 0 .5em;
        border-radius: 3px;
        text-decoration: none;
    }

    .offer-loyalty [data-test="fop-offer"], .offer-for-you [data-test="fop-offer"] {
        display: none;
    }

    .offer-loyalty [data-test="fop-price-wrapper"], .offer-for-you [data-test="fop-price-wrapper"]  {
        margin-top: 1em;
        display: flex;
    }

    .offer-loyalty [data-test="fop-price-wrapper"] .price-block-wrapper [data-test="fop-price"],
    .offer-for-you [data-test="fop-price-wrapper"] .price-block-wrapper [data-test="fop-price"] {
        color: #e2200b !important;
    }


    [data-test="fop-price-wrapper"] .price-block-wrapper span.strikeThroughPrice,  [data-test="expanded-trolley-list-item"] .strikeThroughPrice{
        text-decoration: line-through;
    }
    [data-test="expanded-trolley-list-item"].offer-multi [data-test="fop-offer-text"],
    [data-test="expanded-trolley-list-item"].offer-single [data-test="fop-offer-text"]{
        display: none;
    }

    .offer-multi [data-test="fop-price-wrapper"] {
        margin-top: 1em;
        display: flex;
    }
    [data-test="expanded-trolley-list-item"].offer-multi [data-test="fop-price"] {
        color: #cf2e05;
    }

    .offer-multi [data-test="fop-price-wrapper"] .price-block-wrapper [data-test="fop-price"],
    .offer-multi [data-test="fop-price-wrapper"] .price-block-wrapper [data-test="fop-offer-text"]{
        color: #e2200b !important;
    }

    .offer-multi [data-test="fop-price-wrapper"] .price-block-wrapper,
    [data-test="expanded-trolley-list-item"].offer-multi .price-block-wrapper
    {
        background-color: #ffe600;
        color: #000;
        padding: 0 .5em;
        border-radius: 3px;
        text-decoration: none;
        white-space:nowrap;
    }


    .offer-single [data-test="fop-price-wrapper"] {
        margin-top: 1em;
        display: flex;
    }

    .offer-single [data-test="fop-price-wrapper"] .price-block-wrapper [data-test="fop-price"],
    [data-test="expanded-trolley-list-item"].offer-single [data-test="fop-price"] {
        font-weight: bold;
        font-family: "ICA Rubrik", sans-serif;
        color: #e2200b !important;
    }

    .offer-single [data-test="fop-price-wrapper"] .price-block-wrapper s {
        font-size: 1em;
    }
    .offer-single [data-test="fop-offer"] {
        display: none;
    }
    .offer-single [data-test="fop-price-wrapper"] .price-block-wrapper,
    [data-test="expanded-trolley-list-item"].offer-single .price-block-wrapper
    {
        background-color: #ffe600;
        color: #000;
        padding: 0 .5em;
        border-radius: 3px;
        text-decoration: none;
    }

    [data-test="expanded-trolley-list-item"].offer-single .price-block-wrapper s,
    [data-test="expanded-trolley-list-item"].offer-single .price-block-wrapper span,
    [data-test="expanded-trolley-list-item"].offer-multi .price-block-wrapper span
    {
        padding-left: 0.5em;
        font-size: 0.85em;
        font-weight: bold;
        font-family: "ICA Rubrik", sans-serif;
    }

    [data-test^="fop-wrapper"].offer-loyalty>[class^="box__Box"]>[class^="base__Header"]::after,
    [data-test^="fop-wrapper"].offer-for-you>[class^="box__Box"]>[class^="base__Header"]::after,
    [data-test="expanded-trolley-list-item"].offer-loyalty [data-test="product-image-link"]::after,
    [data-test="expanded-trolley-list-item"].offer-for-you [data-test="product-image-link"]::after
    {
        display: block;
        position: absolute;
        content: '';
        background-size: contain;
        background-repeat: no-repeat;
        height: 2em;
        width: 7em;
        top: 2em;
        left: .25em;
        pointer-events: none;
    }
    [data-test="expanded-trolley-list-item"].offer-loyalty [data-test="product-image-link"]::after{
        width: 4em!important;
        top: 1em !important;
    }
    [data-test="expanded-trolley-list-item"].offer-for-you [data-test="product-image-link"]::after{
        width: 3.5em!important;
        top: 1em !important;
    }
    [data-test^="fop-wrapper"].offer-loyalty>[class^="box__Box"]>[class^="base__Header"]::after,
    [data-test="expanded-trolley-list-item"].offer-loyalty [data-test="product-image-link"]::after{
        background-image: url('https://assets.icanet.se/image/upload/v1649333462/ecom-assets/StammisPris-Pink.svg');
    }

    [data-test^="fop-wrapper"].offer-for-you>[class^="box__Box"]>[class^="base__Header"]::after,
    [data-test="expanded-trolley-list-item"].offer-for-you [data-test="product-image-link"]::after{
        background-image: url('https://assets.icanet.se/image/upload/v1649333426/ecom-assets/ForDig-Pink.svg');
    }

    [data-test^="fop-wrapper"] [data-test="fop-price-wrapper"] .price-block-wrapper span,
    [data-test^="fop-wrapper"]>[class^="box__Box"].pl-classified .price-block-wrapper span,
    [data-test^="fop-wrapper"]>[class^="box__Box"].pl-classified .price-block-wrapper s
    {
        font-family: "ICA Rubrik", sans-serif;
        font-weight: 700;
    }

    [data-test^="fop-wrapper"]>[class^="box__Box"].pl-classified>[class^="base__Header"] [class^="base__ProductAttributes"] > span {
        padding-right: .6em
    }

    [data-test^="fop-wrapper"]>[class^="box__Box"].pl-classified>[class^="base__Header"] [class^="base__ProductAttributes"] > span > svg {
        height: 2rem;
        width: 2.5rem;
    }

    [data-test^="fop-wrapper"]>[class^="box__Box"].pl-classified>[class^="base__Header"] [class^="base__ProductAttributes"] {
        height: 2rem;
        margin-top: 0;
    }
    [data-test^="fop-wrapper"]>[class^="box__Box"].pl-classified>[class^="base__Header"] [class^="base__ImageBottomBar"] [class^="base__ProductAttributes"] span[title^="KÃ¶pt"] {
        display: none;
    }

    [data-test^="fop-wrapper"]>[class^="box__Box"].pl-classified>[class^="base__Header"] [class^="base__ImageBottomBar"] {
        bottom: .5rem;
        display: flex;
        flex-direction: column-reverse;
    }

    [data-test^="fop-wrapper"]>[class^="box__Box"].pl-classified>[class^="base__Header"] [class^="base__ImageBottomBar"] div:nth-child(2) {
        height: auto;
    }
    [data-test="expanded-trolley-list-item"] [class*='standard-promotion__OfferLink']{
        display:inline-block;
    }
    [data-test="expanded-trolley-list-item"] > div > div:last-child{
    }
    [data-test="expanded-trolley-list-item"] > div > div:last-child > div{
    }
    [data-test="expanded-trolley-list-item"] > div > div:last-child > div:last-child{
        display: flex;
        align-items: flex-start;
        flex-grow: 1;
    }
    [data-test="expanded-trolley-list-item"] > div > div:last-child > div > div:last-child{
        width: 100%;
        display: flex;
        justify-content: right;
    }

    [data-test="expanded-trolley-list-item"] > div > div:last-child > div > div:last-child > div{
        height: 2.5em;
        width: 120px;
        display: flex;
        flex-wrap: nowrap;
        flex-direction: row;
        justify-self: right;
    }

    [data-test="expanded-trolley-list-item"] > div > div:last-child > div > div:last-child button{
        height: 2.5em;
        min-height: 2.5em;
        width: 1em;
    }
    [data-test="expanded-trolley-list-item"] > div {
        grid-template:
            "image title title" 3rem
            "image price counter" 2.14286rem / 5.28571rem 1fr 9.57143rem;
        height:7rem;
    }
    [data-test="expanded-trolley-list-item"].offer-loyalty  [data-test="fop-price"]{
        color:#e2200b !important
    }

    [data-test="expanded-trolley-list-item"] [data-test="fop-price"]{
        font-size: 1.1em;
    }
    [data-test="expanded-trolley-list-item"] .price-block-wrapper {
        margin: 0.2em 0 !important;
        padding: 0.15em 0.5em 0 0.5em !important;
        line-height: 1.2em;
    }
</style>
<script type="text/javascript" id="">(function(){window.mutation_observing={};window.mutation_observing={};window.mutation_observing.classifyCard=function(a,b){function g(e){e=window.getComputedStyle(e).getPropertyValue("color");var h=window.mutation_observing.blackColor,m="rgb(58, 58, 58)";return e===m||e===h}function f(e){return-1<e.indexOf("kr/kg")||-1<e.indexOf("kr/g")||-1<e.indexOf("kr/hg")}function c(e,h){var m=!1;2===e.children.length&&(h?-1<e.children[1].className.indexOf("base__Price")&&-1<e.children[0].className.indexOf("StrikethroughPrice")&&
(m=!0):-1<e.children[0].className.indexOf("base__Price")&&-1<e.children[1].className.indexOf("StrikethroughPrice")&&(m=!0));return m}function d(e,h){e="";var m=!1,C=null;m&&(C=/((\d+\s?)+((f\u00f6r+\s+\d+)?(\skr|(:\-)|\s%)?(.+rabatt)?((.+\/st|.+\/kg)?)))($|,|\/st)/,C=C.exec(h));-1<h.indexOf("--")?(e=h.split("--"),h=e.shift(),e=e.join(", ").trim()):m&&C&&C[0]&&C[1]&&(e=h.replace(C[1],"").replace(", ",""),h=C[1]);h=h.replace(":-"," kr");h=h.replace("/st","");m=/K\u00f6p.(\d+).betala.f\u00f6r.(\d+)/;
(m=m.exec(h))&&m[0]&&m[1]&&m[2]&&(h=m[1]+" f\u00f6r "+m[2]);return{price:h.trim(),conditions:e}}function t(e){for(var h=0;h<e.childNodes.length;h++){var m=e.childNodes[h];if("undefined"!==typeof m.textContent&&-1<m.textContent.indexOf("kr/"))return m}}function u(e){var h=/\d+.f\u00f6r+.+\d|k\u00f6p.\d+.betala.f\u00f6r.\d+/g;return(e=h.exec(e))&&e[0]?!0:!1}function z(e){var h=/vid k\u00f6p f\u00f6r minst \d+\s?kr/g;return(e=h.exec(e))&&e[0]?!0:!1}function I(e){var h=null;e&&e.parentElement&&e.parentElement.getAttribute("data-test")&&
"fop-offer-link"===e.parentElement.getAttribute("data-test")&&e.parentElement.href&&1<e.parentElement.href.length&&(h=e.parentElement);return h}var E=["reg-price"],l=!!a.querySelector("[class^\x3dplaceholder__Placeholder]");if(l)return"";var q=a.querySelector('[data-test\x3d"fop-offer-text"]'),x=!!a.querySelector('[data-test\x3d"missed-promotion"]');if(q&&q&&0<q.textContent.length){var r="mini-cart"===b;l=q.textContent.toLowerCase();var k=I(q);E=-1<l.indexOf("stammis");var A=-1<l.indexOf("f\u00f6r dig"),
y=a.querySelector('[data-test\x3d"fop-price"]'),n=g(q),G=n&&u(l),H=!n&&u(l),F=A||E?!1:n&&!u(l);z=n&&u(l);n=a.querySelector('[data-test\x3d"fop-price-wrapper"]');var v=!1;n&&(v=c(n,r));l=a.querySelector('[data-test\x3d"fop-size"] \x3e div');q=q.textContent;E?q=q.replace("Stammispris","").replace(/,(\s+)?$/,""):A&&(q=q.replace(", F\u00f6r dig",""));q=d(a,q);var B=q.price;f(B)&&(B=v?y.textContent.replace("Ca","Ca "):B);if(-1<B.indexOf("% rabatt")||-1<B.indexOf("kr rabatt")){k=r?a.querySelector("[class^\x3dstandard-promotion__OfferBox]"):
k?k:document.createElement("div");k.classList.add("mutation-modified");k.classList.add("price-block-wrapper");var D=y.textContent,p=r?document.createElement("strong"):y;p.textContent=B;var w=a.querySelector('[data-test\x3d"fop-price-wrapper"] [class^\x3dbase__StrikethroughPrice]');r?p.setAttribute("data-test","fop-price"):n.appendChild(k);k.appendChild(p);w||(w=document.createElement("span"),w.classList.add("mutation-modified"),w.classList.add("strikeThroughPrice"),w.textContent=D.replace("Ca","Ca "));
k.appendChild(w)}else if(H||G||z||F){p='[data-test\x3d"fop-price"]';switch(b){case "product-list":p='[data-test\x3d"fop-price"]';break;case "mini-cart":p='[data-test\x3d"fop-price"]';break;default:p='[data-test\x3d"fop-price"]'}D=a.querySelector(p);p=D.textContent;p+="/st";y=document.createElement("span");y.classList.add("mutation-modified");F&&y.classList.add("strikeThroughPrice");k=k?k:document.createElement("div");k.classList.add("mutation-modified");r?(n=a.querySelector("[class^\x3dstandard-promotion__OfferBox]"),
n.classList.add("price-block-wrapper")):k.classList.add("price-block-wrapper");n.appendChild(k);k.appendChild(D);y.innerHTML=p;k.appendChild(y);D.innerHTML=B;x&&(r=a.querySelector('[data-test\x3d"missed-promotion"] [class^\x3dspacing__Spacing]'))&&r.appendChild(n)}else k=k?k:document.createElement("div"),k.classList.add("mutation-modified"),"mini-cart"!==b&&k.classList.add("price-block-wrapper"),D=y.textContent,y.textContent=B,w=a.querySelector('[data-test\x3d"fop-price-wrapper"] [class^\x3dbase__StrikethroughPrice]'),
"mini-cart"===b&&(n=a.querySelector("[class^\x3dstandard-promotion__OfferBox]"),n.classList.add("price-block-wrapper")),n.appendChild(k),k.appendChild(y),w||(w=document.createElement("span"),w.classList.add("mutation-modified"),w.classList.add("strikeThroughPrice"),r=D.replace("Ca","Ca "),f(B)&&(l&&(p=t(l)),p&&(r=p.textContent,r=r.replace("(","").replace(")",""))),w.textContent=r),k.appendChild(w);l&&(p=t(l),r=p.textContent,r=r.replace("(","").replace(")",""),r=(1<l.childNodes.length?", (":"(")+(v?
"Erbj jmf ":"Ord jmf ")+r+")",p&&(p.textContent=r,p.classList.add("mutation-modified")));l&&q.conditions&&0<q.conditions.length&&(l=a.querySelector('[data-test\x3d"fop-size"] \x3e div'),v=document.createElement("span"),v.classList.add("mutation-modified"),v.innerHTML=", "+q.conditions,l.appendChild(v));n&&n.textContent&&21<n.textContent.length&&n.classList&&n.classList.add("price-wrapper-long");E=E?["offer-loyalty"]:A?["offer-for-you"]:G?x?["offer-multi-long","missed-promotion"]:["offer-multi-long"]:
F?["offer-single-long"]:H?x?["offer-multi","missed-promotion"]:["offer-multi"]:["offer-single"]}A=(x=a.querySelector('[class^\x3d"base__ProductAttributes"] span[title\x3d"Pant tillkommer"]'))?x.textContent:"";0<A.length&&(l=a.querySelector('[data-test\x3d"fop-size"] \x3e div'))&&(v=document.createElement("span"),v.classList.add("mutation-modified"),v.innerHTML=", "+A,x.parentNode.removeChild(x),l.appendChild(v));(A=(x=a.querySelector('[data-test\x3d"fop-country-of-origin"]'))?x.textContent.replace("Ursprungsland ",
""):"")&&0<A.length&&(l=a.querySelector('[data-test\x3d"fop-size"] \x3e div'))&&(v=document.createElement("span"),v.classList.add("mutation-modified"),v.innerHTML=", "+A,x.parentNode.removeChild(x),l.appendChild(v));(a="mini-cart"===b?a:a.querySelector("[class^\x3dbox__Box"))&&a.classList.add("pl-classified");return E};window.mutation_observing.setCardClasses=function(a){a=a||"product-list";switch(a){case "mini-cart":var b='[class^\x3d"ReactModal__Content"] div [data-test^\x3d"expanded-trolley-list-item"]';
break;default:b='[data-synthetics\x3d"product-list"] [class^\x3dbase__Wrapper]'}if(window.mutation_observing.max_iterations>window.mutation_observing.current_iterations){window.mutation_observing.current_iterations+=1;window.mutation_observing.blackColor=window.getComputedStyle(document.querySelector("html")).getPropertyValue("color");b=document.querySelectorAll(b);for(var g=0;g<b.length;g++){var f=b[g],c="mini-cart"===a?b[g].classList.contains("pl-classified"):f.querySelector(".pl-classified");if(!c&&
(c=window.mutation_observing.classifyCard(f,a),0<c.length))for(var d=0;d<c.length;d++)f.classList.add(c[d])}}};window.mutation_observing.setProductPageObserver=function(){var a=document.querySelectorAll('[data-synthetics\x3d"product-list"]');window.mutation_observing.po=[];for(var b=0;b<a.length;b++)window.mutation_observing.po[b]=new MutationObserver(function(g,f){f=!1;for(var c=0;c<g.length;c++){var d=g[c];if(f)break;if(d.addedNodes&&0<d.addedNodes.length){f=1===d.addedNodes.length?d.addedNodes[0].classList&&
d.addedNodes[0].classList.contains("mutation-modified")||"#text"===d.addedNodes[0].nodeName?!1:!0:!0;break}if(d.removedNodes&&0<d.removedNodes.length)for(var t=0;t<d.removedNodes.length;t++){var u=d.removedNodes[t];if(u.className&&-1<u.className.indexOf("base__Wrapper")&&-1<u.className.indexOf("base__FixedHeightWrapper")){d.target.classList.remove("pl-classified");f=!0;break}}}f&&window.mutation_observing.setCardClasses()}),window.mutation_observing.setCardClasses(),window.mutation_observing.po[b].observe(a[b],
{attributes:!1,childList:!0,subtree:!0})};window.mutation_observing.setTrolleyObserver=function(){var a=document.querySelectorAll('[class^\x3d"ReactModal__Content"] div [data-test^\x3d"expanded-trolley-list-item"]');window.mutation_observing.po=[];for(var b=0;b<a.length;b++)window.mutation_observing.po[b]=new MutationObserver(function(g,f){f=!1;for(var c=0;c<g.length;c++){var d=g[c];if(f)break;if(d.addedNodes&&0<d.addedNodes.length){f=1===d.addedNodes.length?d.addedNodes[0].classList&&d.addedNodes[0].classList.contains("mutation-modified")||
"#text"===d.addedNodes[0].nodeName?!1:!0:!0;break}if(d.removedNodes&&0<d.removedNodes.length)for(var t=0;t<d.removedNodes.length;t++){var u=d.removedNodes[t];if(u.className&&-1<u.className.indexOf("base__Wrapper")&&-1<u.className.indexOf("base__FixedHeightWrapper")){d.target.classList.remove("pl-classified");f=!0;break}}}f&&window.mutation_observing.setCardClasses()}),window.mutation_observing.setCardClasses(),window.mutation_observing.po[b].observe(document.querySelector('[data-synthetics\x3d"product-list"]'),
{attributes:!1,childList:!0,subtree:!0})};window.mutation_observing.setModalObserver=function(){var a=document.querySelectorAll('[class^\x3d"ReactModal__Content"]');window.mutation_observing.mo=[];for(var b=0;b<a.length;b++){var g=0<a[b].querySelectorAll("[data-test\x3d'expanded-trolley-list-item']").length,f=0<a[b].querySelectorAll('[data-synthetics\x3d"product-list"] \x3e div ').length,c=0<a[b].querySelectorAll('[data-test\x3d"alternatives-modal-body"]').length;g||f?(window.mutation_observing.mo[b]=
new MutationObserver(function(d,t){t=!1;for(var u=0;u<d.length;u++){var z=d[u];if(t)break;if(z.addedNodes&&0<z.addedNodes.length){t=1===z.addedNodes.length?z.addedNodes[0].classList&&z.addedNodes[0].classList.contains("mutation-modified")||"#text"===z.addedNodes[0].nodeName?!1:!0:!0;break}}t&&(g?window.mutation_observing.setCardClasses("mini-cart"):window.mutation_observing.setCardClasses())}),g?window.mutation_observing.setCardClasses("mini-cart"):window.mutation_observing.setCardClasses(),window.mutation_observing.mo[b].observe(document.querySelector('[class^\x3d"ReactModal__Content"]'),
{attributes:!1,childList:!0,subtree:!0})):c&&!f&&(window.mutation_observing.mo[b]=new MutationObserver(function(d,t){window.mutation_observing.setModalObserver()}),window.mutation_observing.mo[b].observe(document.querySelector('[data-test\x3d"alternatives-modal-body"]'),{attributes:!1,childList:!0,subtree:!0}))}};window.mutation_observing.setMainObserver=function(){window.mutation_observing.mainOb=new MutationObserver(window.mutation_observing.mainCallback);var a=document.querySelector("#main");"undefined"!==
typeof a&&a&&window.mutation_observing.mainOb.observe(a,{attributes:!0,childList:!0,subtree:!1});document.querySelector('[data-synthetics\x3d"product-list"]')&&(window.mutation_observing.setProductPageObserver(),window.mutation_observing.setCardClasses());window.mutation_observing&&window.mutation_observing.modalOb&&window.mutation_observing.modalOb.disconnect();window.mutation_observing.modalOb=new MutationObserver(window.mutation_observing.modalCallback);(a=document.querySelector(".sc-kDThTU"))&&
window.mutation_observing.modalOb.observe(a,{attributes:!1,childList:!0,subtree:!1})};window.mutation_observing.mainCallback=function(a,b){for(b=0;b<a.length;b++)if("childList"===a[b].type){var g=a[b];if(0<g.addedNodes.length)for(var f=0;f<g.addedNodes.length;f++){var c=g.addedNodes[f];if(c.getAttribute("data-test")&&"products-page"===c.getAttribute("data-test"))window.mutation_observing.setProductPageObserver();else if(c.getAttribute("data-synthetics")&&"homepage"===c.getAttribute("data-synthetics"))c.querySelector('[data-synthetics\x3d"product-list"]')&&
window.mutation_observing.setProductPageObserver();else if(c.className&&-1<c.className.indexOf("Grid"))c.querySelector('[data-synthetics\x3d"product-list"]')&&window.mutation_observing.setProductPageObserver();else if(c.className&&-1<c.className.indexOf("spacing"))c.querySelector('[data-synthetics\x3d"product-list"]')&&window.mutation_observing.setProductPageObserver();else if(!c.className&&c.childElementCount&&2===c.childElementCount){var d=c.children[1];d.className&&-1<d.className.indexOf("Grid")&&
c.querySelector('[data-synthetics\x3d"product-list"]')&&window.mutation_observing.setProductPageObserver()}}}};window.mutation_observing.modalCallback=function(a,b){b=!1;for(var g=0;g<a.length;g++)if("childList"===a[g].type){var f=a[g];if(0<f.addedNodes.length)for(var c=0;c<f.addedNodes.length;c++){var d=f.addedNodes[c];if(d.className&&(-1<d.className.indexOf("ReactModalPortal")||d.className.indexOf("sc-kDThTU"))){b=!0;break}}}b&&(window.mutation_observing.modalObservers=[],document.querySelectorAll(".ReactModalPortal"),
window.mutation_observing.setModalObserver())};window.mutation_observing.siteContentCallback=function(a,b){window.mutation_observing.setMainObserver()};window.mutation_observing.rootCallback=function(a,b){b=!1;for(var g=0;g<a.length&&!b;g++)if("childList"===a[g].type){var f=a[g];if(0<f.addedNodes.length)for(var c=0;c<f.addedNodes.length;c++){var d=f.addedNodes[c];if("site--content"===d.className){window.mutation_observing.siteContentOb&&window.mutation_observing.siteContentOb.disconnect();window.mutation_observing.siteContentOb=
null;window.mutation_observing.mainOb&&window.mutation_observing.mainOb.disconnect();window.mutation_observing.mainOb=null;if(window.mutation_observing.po&&0<window.mutation_observing.po.length)for(c=0;c<f.addedNodes.length;c++)window.mutation_observing.po[c].disconnect();window.mutation_observing.po=null;window.mutation_observing.initialize();window.mutation_observing.setCardClasses();break}}}};window.mutation_observing.initialize=function(){if(!window.mutation_observing||!window.mutation_observing.rootObserver){window.mutation_observing.rootObserver=
new MutationObserver(window.mutation_observing.rootCallback);var a=document.querySelector('#app \x3e div[class^\x3d"root__Root"]');a&&window.mutation_observing.rootObserver.observe(a,{attributes:!1,childList:!0,subtree:!1})}window.mutation_observing&&window.mutation_observing.siteContentOb||(window.mutation_observing.siteContentOb=new MutationObserver(window.mutation_observing.siteContentCallback),(a=document.querySelector(".site--content"))&&window.mutation_observing.siteContentOb.observe(a,{attributes:!1,
childList:!0,subtree:!1}));window.mutation_observing&&window.mutation_observing.bodyOb||(window.mutation_observing.bodyOb=new MutationObserver(window.mutation_observing.modalCallback),(a=document.body)&&window.mutation_observing.bodyOb.observe(a,{attributes:!1,childList:!0,subtree:!1}));window.mutation_observing&&window.mutation_observing.modalOb||(window.mutation_observing.modalOb=new MutationObserver(window.mutation_observing.modalCallback),(a=document.querySelector(".sc-kDThTU"))&&window.mutation_observing.modalOb.observe(a,
{attributes:!1,childList:!0,subtree:!1}));window.mutation_observing&&window.mutation_observing.mainOb||window.mutation_observing.setMainObserver();window.mutation_observing.setCardClasses()};window.mutation_observing.initialize=function(){if(!window.mutation_observing||!window.mutation_observing.rootObserver){window.mutation_observing.rootObserver=new MutationObserver(window.mutation_observing.rootCallback);var a=document.querySelector('#app \x3e div[class^\x3d"root__Root"]');a&&window.mutation_observing.rootObserver.observe(a,
{attributes:!1,childList:!0,subtree:!1})}window.mutation_observing&&window.mutation_observing.siteContentOb||(window.mutation_observing.siteContentOb=new MutationObserver(window.mutation_observing.siteContentCallback),(a=document.querySelector(".site--content"))&&window.mutation_observing.siteContentOb.observe(a,{attributes:!1,childList:!0,subtree:!1}));window.mutation_observing&&window.mutation_observing.bodyOb||(window.mutation_observing.bodyOb=new MutationObserver(window.mutation_observing.modalCallback),
(a=document.body)&&window.mutation_observing.bodyOb.observe(a,{attributes:!1,childList:!0,subtree:!1}));window.mutation_observing&&window.mutation_observing.modalOb||(window.mutation_observing.modalOb=new MutationObserver(window.mutation_observing.modalCallback),(a=document.querySelector(".sc-kDThTU"))&&window.mutation_observing.modalOb.observe(a,{attributes:!1,childList:!0,subtree:!1}));window.mutation_observing&&window.mutation_observing.mainOb||window.mutation_observing.setMainObserver();window.mutation_observing.setCardClasses()};
window.mutation_observing.max_iterations=999;window.mutation_observing.current_iterations=0;window.addEventListener("load",function(a){window.mutation_observing.initialize()});window.mutation_observing.initialize();window.setTimeout(function(){window.mutation_observing&&window.mutation_observing.initialize&&window.mutation_observing.initialize()},3E3);window.setTimeout(function(){window.mutation_observing&&window.mutation_observing.initialize&&window.mutation_observing.initialize()},5E3)})();</script><div id="a11y-status-message" role="status" aria-live="polite" aria-relevant="additions text" style="border: 0px; clip: rect(0px, 0px, 0px, 0px); height: 1px; margin: -1px; overflow: hidden; padding: 0px; position: absolute; width: 1px;"></div><div id="onetrust-consent-sdk"><div class="onetrust-pc-dark-filter ot-hide ot-fade-in"></div><div id="onetrust-pc-sdk" class="ot-sdk-container otPcCenter ot-hide ot-fade-in ot-accordions-pc" aria-modal="true" role="alertdialog" aria-describedby="pc-policy-text" lang="sv" aria-label="&lt;span class=&#39;icaot-h1&#39;&gt;InstÃ¤llningar av cookies&lt;/span&gt;"><!-- Close Button --> <!-- Close Button --><div id="ot-content" class="ot-main-content"><!-- Logo Tag --><div class="pc-logo-container"><div class="pc-logo" role="img" aria-label="FÃ¶retagslogotyp" style="background-image: url(&quot;https://cdn-ukwest.onetrust.com/logos/static/ot_company_logo.png&quot;);
                    background-position: left;"></div></div><h2 id="pc-title"><span class="icaot-h1">InstÃ¤llningar av cookies</span></h2><div id="pc-policy-text"><p class="icaot-preamble">VÃ¤lj dina instÃ¤llningar och spara nedan. Du samtycker till lagring och framtida hantering av cookies. Den data vi samlar in kan behandlas med annan grund Ã¤n samtycke. Ãr du inloggad gÃ¤ller instÃ¤llningarna i alla vÃ¥ra tjÃ¤nster, oavsett vilken enhet du anvÃ¤nder. </p>
                <br><a href="https://www.ica.se/policies/cookies" class="privacy-notice-link" rel="noopener" target="_blank" aria-label="Mer information om ditt dataskydd, Ã¶ppnas i en ny flik">LÃ¤s mer om cookies</a></div><div id="accept-recommended-container" class="ot-sdk-row"><div class="ot-sdk-column"><button id="accept-recommended-btn-handler" class="button-theme">GodkÃ¤nn alla</button></div></div><section id="cookie-preferences" class="ot-sdk-row category-group"><h3 id="manage-cookies-text">Hantera instÃ¤llningar fÃ¶r samtycke</h3><div class="accordion-text category-item ot-always-active-group" data-optanongroupid="C0001"><!-- Group name --><h4 class="category-header" id="ot-header-id-C0001">NÃ¶dvÃ¤ndiga cookies</h4><div class="ot-always-active">Alltid aktiv</div><!-- Group toggle --><div class="ot-switch ot-toggle ot-hide-tgl"><input type="checkbox" name="ot-group-id-C0001" class="switch-checkbox category-switch-handler" id="ot-group-id-C0001" aria-checked="true" role="switch" aria-controls="ot-desc-id-C0001" aria-labelledby="ot-header-id-C0001" aria-hidden="true" data-optanongroupid="C0001" checked=""> <label class="ot-switch-label" for="ot-group-id-C0001"><span class="ot-switch-inner"></span> <span class="ot-switch-nob"></span> <span class="label-text">NÃ¶dvÃ¤ndiga cookies</span></label></div><!-- Group description --><p class="ot-category-desc" id="ot-desc-id-C0001">Bidrar till att tjÃ¤nsten Ã¤r sÃ¤ker och fungerar som den ska, t ex fÃ¶r att komma ihÃ¥g dina cookie-instÃ¤llningar. De gÃ¥r dÃ¤rfÃ¶r inte att stÃ¤nga av. </p><!-- sub groups --><!-- view vendors link --><!-- View host link --><div class="category-host-list-container"><button class="ot-link-btn category-host-list-btn category-host-list-handler" aria-label="knappen Ã¶ppnar fÃ¶nstret fÃ¶r cookie-information" data-parent-id="C0001">Information om cookiesâ</button></div></div><div class="accordion-text category-item" data-optanongroupid="C0003"><!-- Group name --><h4 class="category-header" id="ot-header-id-C0003">Funktionella cookies</h4><!-- Group toggle --><div class="ot-switch ot-toggle"><input type="checkbox" name="ot-group-id-C0003" class="switch-checkbox category-switch-handler" id="ot-group-id-C0003" aria-checked="false" role="switch" aria-controls="ot-desc-id-C0003" aria-labelledby="ot-header-id-C0003" data-optanongroupid="C0003"> <label class="ot-switch-label" for="ot-group-id-C0003"><span class="ot-switch-inner"></span> <span class="ot-switch-nob"></span> <span class="label-text">Funktionella cookies</span></label></div><!-- Group description --><p class="ot-category-desc" id="ot-desc-id-C0003">HjÃ¤lper oss att ge dig en bra upplevelse och gÃ¶r ocksÃ¥ att vi kan fÃ¶rbÃ¤ttra tjÃ¤nsten baserat pÃ¥ hur du anvÃ¤nder den. </p><!-- sub groups --><!-- view vendors link --><!-- View host link --><div class="category-host-list-container"><button class="ot-link-btn category-host-list-btn category-host-list-handler" aria-label="knappen Ã¶ppnar fÃ¶nstret fÃ¶r cookie-information" data-parent-id="C0003">Information om cookiesâ</button></div></div><div class="accordion-text category-item" data-optanongroupid="C0002"><!-- Group name --><h4 class="category-header" id="ot-header-id-C0002">Personaliseringscookies</h4><!-- Group toggle --><div class="ot-switch ot-toggle"><input type="checkbox" name="ot-group-id-C0002" class="switch-checkbox category-switch-handler" id="ot-group-id-C0002" aria-checked="false" role="switch" aria-controls="ot-desc-id-C0002" aria-labelledby="ot-header-id-C0002" data-optanongroupid="C0002"> <label class="ot-switch-label" for="ot-group-id-C0002"><span class="ot-switch-inner"></span> <span class="ot-switch-nob"></span> <span class="label-text">Personaliseringscookies</span></label></div><!-- Group description --><p class="ot-category-desc" id="ot-desc-id-C0002">GÃ¶r att vi kan anpassa din upplevelse med personligt anpassat innehÃ¥ll baserat pÃ¥ hur du anvÃ¤nder tjÃ¤nsten.</p><!-- sub groups --><!-- view vendors link --><!-- View host link --><div class="category-host-list-container"><button class="ot-link-btn category-host-list-btn category-host-list-handler" aria-label="knappen Ã¶ppnar fÃ¶nstret fÃ¶r cookie-information" data-parent-id="C0002">Information om cookiesâ</button></div></div><div class="accordion-text category-item" data-optanongroupid="C0004"><!-- Group name --><h4 class="category-header" id="ot-header-id-C0004">MarknadsfÃ¶ringscookies</h4><!-- Group toggle --><div class="ot-switch ot-toggle"><input type="checkbox" name="ot-group-id-C0004" class="switch-checkbox category-switch-handler" id="ot-group-id-C0004" aria-checked="false" role="switch" aria-controls="ot-desc-id-C0004" aria-labelledby="ot-header-id-C0004" data-optanongroupid="C0004"> <label class="ot-switch-label" for="ot-group-id-C0004"><span class="ot-switch-inner"></span> <span class="ot-switch-nob"></span> <span class="label-text">MarknadsfÃ¶ringscookies</span></label></div><!-- Group description --><p class="ot-category-desc" id="ot-desc-id-C0004">Vi anvÃ¤nder marknadsfÃ¶ringskakor fÃ¶r att utveckla, samt tillsammans med vÃ¥ra annonseringspartners fÃ¶lja upp och ge dig relevanta och personligt anpassade annonser i vÃ¥ra egna kanaler baserat pÃ¥ dina intressen som vi har identifierat utifrÃ¥n dina kÃ¶p och vad du har tittat pÃ¥ i vÃ¥ra digitala kanaler.
Om du inte tillÃ¥ter dessa cookies kan det fortfarande visas annonser, men dessa kommer dÃ¥ inte att vara personligt anpassade.


FÃ¶r att kunna tillhandahÃ¥lla personligt anpassade annonser samarbetar vi med fÃ¶ljande fÃ¶retag, till vilka vi samlar in och vidarebefordrar informationen i frÃ¥ga: </p><!-- sub groups --><!-- view vendors link --><!-- View host link --><div class="category-host-list-container"><button class="ot-link-btn category-host-list-btn category-host-list-handler" aria-label="knappen Ã¶ppnar fÃ¶nstret fÃ¶r cookie-information" data-parent-id="C0004">Information om cookiesâ</button></div></div><!-- Groups sections starts --><!-- Group section ends --><!-- Accordion Group section starts --><!-- Accordion Group section ends --><!-- Footer section starts --><div class="save-preference-btn-container"> <button class="save-preference-btn-handler onetrust-close-btn-handler button-theme">Spara instÃ¤llningar</button><div class="ot-pc-footer-logo"><a class="powered-by-logo" href="https://www.onetrust.com/products/cookie-consent/" target="_blank" rel="noopener noreferrer" aria-label="Powered by OneTrust Ãppnas i en ny flik"><img alt="Powered by Onetrust" src="./ica_market_4_files/powered_by_logo.svg" title="Powered by OneTrust Ãppnas i en ny flik"></a></div></div><!-- Footer section ends --></section></div><section id="vendors-list" class="ot-hide hosts-list"><div id="vendors-list-header"><button class="ot-link-btn back-btn-handler" aria-label="Back"><svg id="ot-back-arrow" xmlns="http://www.w3.org/2000/svg" xmlns:xlink="http://www.w3.org/1999/xlink" x="0px" y="0px" viewBox="0 0 444.531 444.531" xml:space="preserve"><title>Back Button</title><g><path fill="#656565" d="M213.13,222.409L351.88,83.653c7.05-7.043,10.567-15.657,10.567-25.841c0-10.183-3.518-18.793-10.567-25.835
                      l-21.409-21.416C323.432,3.521,314.817,0,304.637,0s-18.791,3.521-25.841,10.561L92.649,196.425
                      c-7.044,7.043-10.566,15.656-10.566,25.841s3.521,18.791,10.566,25.837l186.146,185.864c7.05,7.043,15.66,10.564,25.841,10.564
                      s18.795-3.521,25.834-10.564l21.409-21.412c7.05-7.039,10.567-15.604,10.567-25.697c0-10.085-3.518-18.746-10.567-25.978
                      L213.13,222.409z"></path></g></svg><p class="pc-back-button-text">Back</p></button><!-- Close Button --> <!-- Close Button --><h3 id="vendors-list-title">Performance Cookies</h3><div id="search-container"><p role="status" class="screen-reader-only"></p><label for="vendor-search-handler" class="screen-reader-only">Vendor Search</label> <input id="vendor-search-handler" type="text" placeholder="Search..." name="vendor-search-handler"> <svg xmlns="http://www.w3.org/2000/svg" xmlns:xlink="http://www.w3.org/1999/xlink" x="0px" y="0px" width="30" height="30" viewBox="0 -30 110 110" aria-hidden="true"><title>Search Icon</title><path fill="#2e3644" d="M55.146,51.887L41.588,37.786c3.486-4.144,5.396-9.358,5.396-14.786c0-12.682-10.318-23-23-23s-23,10.318-23,23
                  s10.318,23,23,23c4.761,0,9.298-1.436,13.177-4.162l13.661,14.208c0.571,0.593,1.339,0.92,2.162,0.92
                  c0.779,0,1.518-0.297,2.079-0.837C56.255,54.982,56.293,53.08,55.146,51.887z M23.984,6c9.374,0,17,7.626,17,17s-7.626,17-17,17
                  s-17-7.626-17-17S14.61,6,23.984,6z"></path></svg> <button class="ot-link-btn" id="filter-btn-handler" aria-label="Filter Icon" aria-haspopup="true"><svg role="presentation" aria-hidden="true" id="filter-icon" xmlns="http://www.w3.org/2000/svg" xmlns:xlink="http://www.w3.org/1999/xlink" x="0px" y="0px" width="15px" height="15px" viewBox="0 0 402.577 402.577" xml:space="preserve"><title>Filter Icon</title><g><path id="filter-icon-path" fill="#656565" d="M400.858,11.427c-3.241-7.421-8.85-11.132-16.854-11.136H18.564c-7.993,0-13.61,3.715-16.846,11.136
                c-3.234,7.801-1.903,14.467,3.999,19.985l140.757,140.753v138.755c0,4.955,1.809,9.232,5.424,12.854l73.085,73.083
                c3.429,3.614,7.71,5.428,12.851,5.428c2.282,0,4.66-0.479,7.135-1.43c7.426-3.238,11.14-8.851,11.14-16.845V172.166L396.861,31.413
                C402.765,25.895,404.093,19.231,400.858,11.427z"></path></g></svg></button><div id="ot-triangle"></div><section id="ot-filter-modal"><div id="ot-options"><div id="clear-filters-container"><button class="ot-link-btn" id="clear-filters-handler"><p>Clear Filters</p></button></div><div class="ot-group-options"><div class="ot-group-option"><div class="ot-checkbox"><input id="storage-access-group" class="ot-group-option-box category-filter-handler" type="checkbox"> <label for="storage-access-group"><span>Information storage and access</span></label></div></div></div><button id="filter-apply-handler" class="ot-pill">Apply</button></div></section></div><div id="select-all-container"><div class="ot-checkbox"><div class="leg-int-sel-all-hdr"><span class="consent-hdr">Consent</span> <span class="leg-int-hdr">Leg.Interest</span></div><div id="select-all-text-container"><p>All Consent Allowed</p></div><!-- select all vendor leg.int toggle container --><div id="select-all-vendors-leg-input-container"><input id="select-all-vendor-leg-handler" class="ot-group-option-box" type="checkbox"> <label for="select-all-vendor-leg-handler"><span class="label-text">Select All Vendors</span></label></div><!-- select all vendor consent toggle container --><div id="select-all-vendors-input-container"><input id="select-all-vendor-groups-handler" class="ot-group-option-box" type="checkbox"> <label for="select-all-vendor-groups-handler"><span class="label-text">Select All Vendors</span></label></div><!-- Hosts select all input container --><div id="select-all-hosts-input-container"><input id="select-all-hosts-groups-handler" class="ot-group-option-box" type="checkbox"> <label for="select-all-hosts-groups-handler"><span class="label-text">All Consent Allowed</span></label></div></div></div></div><section id="vendor-list-content" class="host-list-content"><div id="vendors-list-text" class="ot-sdk-row"><div class="ot-sdk-column"><ul id="hosts-list-container"><li class="host-item"><input type="checkbox" class="host-box" role="button" aria-expanded="false" aria-label=""><section class="accordion-header"><div class="host-info"><h3 class="host-title"></h3><h4 class="host-description">host description</h4><!-- view third party cookie link with arrow --><div class="host-notice"><span class="host-view-cookies">View Cookies</span><div class="ot-arrow-container"></div></div></div><!-- Checkbox --><div class="ot-checkbox ot-host-tgl"><input id="REPLACE-WITH-DYANMIC-HOST-ID" class="host-checkbox-handler ot-group-option-box" type="checkbox"> <label for="REPLACE-WITH-DYANMIC-HOST-ID"><span class="label-text">REPLACE-WITH-DYANMIC-HOST-ID</span></label></div><!-- Checkbox END --></section><div class="accordion-text"><div class="host-options"><!-- HOST LIST VIEW UPDATE *** --><ul class="host-option-group"><li class="vendor-host"><div class="cookie-name-container"><div>Name</div><div>cookie name</div></div></li></ul><!-- HOST LIST VIEW UPDATE END *** --></div></div></li></ul></div></div></section><div id="vendor-list-save-btn" class="save-preference-btn-container"> <button class="save-preference-btn-handler onetrust-close-btn-handler button-theme">Spara instÃ¤llningar</button><div class="ot-pc-footer-logo"><a class="powered-by-logo" href="https://www.onetrust.com/products/cookie-consent/" target="_blank" rel="noopener noreferrer" aria-label="Powered by OneTrust Ãppnas i en ny flik"><img alt="Powered by Onetrust" src="./ica_market_4_files/powered_by_logo.svg" title="Powered by OneTrust Ãppnas i en ny flik"></a></div></div></section><iframe class="ot-text-resize" title="onetrust-text-resize" style="position: absolute; top: -50000px; width: 100em;" aria-hidden="true" src="./ica_market_4_files/saved_resource.html"></iframe></div></div></body></html>